3969 5126
1020 636 1137 704 194
1590 618 2671 678 ADNOTATIONES
2794 619 2925 674 ΙΝ

1206 741 1274 807 P.
1296 757 1397 825 40.
1424 757 1490 804 V.
1518 755 1612 805 11.
1652 739 2063 817 Βαβυλωνίους]
2112 746 2266 798 Haec
2318 755 2400 797 est
2436 746 2602 799 lectio
2650 744 2790 799 Cod.
2831 745 2983 798 Flor.
3019 760 3124 817 pro
3153 740 3503 810 βαβυλωνῖας·

1010 837 1070 886 in
1097 831 1226 886 edd.
1257 832 1510 902 quamvis
1540 847 1595 908 p.
1623 845 1712 893 ¹4·
1738 847 1788 906 g.
1814 844 1865 880 ι.
1902 827 2106 880 Codex
2149 845 2373 899 quoque
2415 826 2744 881 femininam
2778 831 3228 881 terminationem
3257 839 3492 882 tueatur.

1019 912 1197 988 Apud
1224 913 1458 966 Arrian.
1501 910 1572 965 de
1618 912 1767 983 Exp.
1793 911 1953 964 Alex.
1993 910 2196 963 lib.V1.
2224 927 2268 962 c.
2294 925 2388 980 ²9·
2418 927 2457 961 s.
2483 920 2535 973 8.
2574 911 2748 965 babes
2785 909 2975 964 itidem
3020 922 3202 963 vestes
3250 905 3354 977 τῆς
3393 915 3498 965 Βα-

1014 993 1283 1059 βυλωνίου
1320 984 1598 1067 ἐργασίας,
1626 1003 1679 1046 et
1708 1011 1803 1066 ap.
1830 993 2154 1046 Pollae-NL
2183 1008 2317 1056 104.
2352 981 2535 1063 νάρδον
2556 981 3002 1055 Βαβυλωνςακὸνε
3046 1005 3241 1045 tamen
3284 992 3362 1044 ibi
3401 994 3500 1046 aiii

1016 1079 1253 1134 Codices
1287 1063 1705 1141 Βαβυλωνιακῆν
1745 1074 2030 1129 exhibent.
2100 1076 2169 1128 In
2205 1073 2384 1127 Suida
2415 1093 2548 1129 vero
2591 1088 2673 1128 est
2706 1072 3023 1136 Βαβυλωνία
3060 1064 3320 1138 κάμινος,
3363 1079 3502 1128 etin

1011 1160 1197 1217 Sir-ab.
1233 1160 1436 1214 lib.V1.
1471 1169 1722 1232 paest-
1744 1160 1809 1215 C.
1855 1158 1927 1213 de
1965 1158 2290 1212 mulieribus
2329 1156 2617 1228 loquente,
2644 1147 2845 1222 πάσαις
2877 1145 2931 1211 δὲ
2962 1161 3087 1221 ταῖς
3117 1154 3501 1220 Βαβυλωνίας.

1203 1319 1271 1383 Ρ.
1292 1336 1395 1402 41.
1422 1335 1489 1382 V.
1524 1333 1578 1382 1.
1613 1312 1694 1388 εἰς
1724 1308 2267 1395 χεῖρας-ἄγομαι]
2316 1325 2482 1391 Quae
2517 1326 2606 1388 sit,
2651 1324 2760 1377 hoc
2790 1322 3013 1396 quidem
3049 1326 3109 1377 in
3147 1323 3306 1388 ioco,
3345 1322 3500 1377 verbi

1011 1412 1237 1485 repetiti
1270 1413 1440 1461 virtus
1473 1419 1569 1459 aut
1605 1405 1905 1477 elegantia,
1950 1406 2139 1459 nullus
2176 1409 2493 1480 perspici03
2538 1421 2721 1474 neque
2749 1405 2898 1460 adeo
2926 1407 3141 1470 dubito,
3184 1409 3321 1476 quin
3354 1422 3506 1458 error

1011 1494 1250 1553 librarii,
1291 1489 1516 1543 oculum
1552 1487 1626 1542 ad
1674 1492 1967 1562 superiora
2004 1485 2386 1553 deflectentis,
2430 1487 2572 1541 iliud
2598 1476 2816 1562 ,ἄγομαι
2853 1488 2986 1542 inde
3021 1499 3257 1543 sumtum
3295 1505 3504 1559 suppo·

1013 1578 1185 1631 suerit
1216 1589 1320 1645 pro
1362 1573 1606 1643 genuino
1641 1570 1834 1637 verbo,
1878 1570 2032 1642 quod
2062 1572 2229 1643 quale
2286 1572 2451 1624 fuerit
2489 1574 2803 1625 coniectura
2840 1571 3067 1625 difficile
3109 1581 3189 1623 est
3226 1568 3501 1641 adsequi:

1017 1676 1150 1712 nam
1182 1641 1440 1726 ἔρχομαι,
1462 1654 1552 1706 vel
1588 1644 1803 1718 δίδομαι
1838 1671 1941 1725 pro
1974 1642 2283 1724 s’xBe‘Bouoet.
2310 1653 2671 1726 (quamquam
2707 1654 2940 1707 meliora
2977 1666 3033 1706 et
3078 1653 3355 1725 exemplis
3392 1669 3509 1705 nou

1016 1738 1317 1803 destituta)
1361 1734 1599 1789 necdum
1639 1734 2001 1788 satisfaciunt.
2048 1735 2494 1789 HEMSTERH.
2684 1735 2936 1789 Κασπίαις
2965 1735 3040 1789 ad
3087 1736 3255 1807 Greg.
3290 1733 3407 1787 Cor.
3433 1732 3507 1788 de

1017 1822 1176 1876 Dial.
1217 1838 1274 1914 p.
1298 1835 1395 1890 54.
1441 1835 1624 1888 aeque
1677 1821 1967 1889 ingeniose
2022 1835 2088 1871 ac
2132 1818 2498 1891 probabiliter
2536 1819 2721 1873 locum
2758 1823 2837 1872 sic
2880 1818 3182 1873 emendat:
3229 1805 3507 1882 δὲσποτα,

1021 1889 1180 1968 εἶπεν,
1220 1892 1333 1960 erc-3
1371 1888 1470 1967 μὲν
1513 1890 1594 1965 ἕις
1625 1898 1830 1972 Συρίαν,
1872 1892 2032 1974 δῶρον
2072 1892 2301 1956 δοθεῖσα
2336 1898 2406 1969 τῇ
2448 1904 2534 1956 Μ.
2575 1896 2666 1956 καὶ
2702 1890 2784 1965 εἰς
2816 1907 2954 1973 χεῖρ.
2976 1921 3027 1954 τ.
3052 1897 3248 1969 ζηλοτ.
3285 1885 3508 1965 ἄγομαι,

1019 1986 1291 2056 additque
1337 1987 1739 2036 correctionem
1784 2000 1944 2053 suam
1976 1983 2214 2037 stabiliri
2253 2002 2388 2039 mox
2426 1989 2701 2058 oppositis
2744 1984 3029 2038 vocaBulis
3065 1974 3132 2039 σύ
3178 1970 3257 2037 δέ.
3344 1983 3508 2036 Certe

1017 2069 1230 2143 duplex
1263 2064 1411 2120 istud
1453 2051 1653 2132 ‹i'yopm
1704 2068 1846 2119 tueri
1885 2084 1948 2121 se
1990 2070 2202 2137 nequit,
2247 2071 2353 2120 nisi
2389 2069 2610 2122 insuavi
2655 2066 2903 2139 quadam
2946 2055 3200 2139 ἐνεργείᾳ,
3241 2082 3409 2137 quam
3449 2068 3510 2117 in

1017 2154 1123 2208 bac
1151 2169 1209 2204 re
1254 2152 1486 2202 etitione
1525 2150 1860 2220 quaesiverit
1901 2149 2127 2204 Auctor.
2172 2149 2335 2202 Conf.
2363 2148 2492 2201 adn.
2530 2168 2590 2223 p.
2624 2163 2745 2213 180.
2768 2148 2842 2202 ad
2878 2168 2939 2222 p.
2965 2150 3245 2218 3ο.ν.6.“

1210 2168 1278 2289 ἶ..
1302 2241 1404 2309 41.
1426 2242 1492 2288 V.
1515 2240 1573 2308 3.
1609 2217 1759 2295 ἕςτις
1794 2226 1895 2286 σοῦ
1931 2219 1996 2285 τὸ
2050 2227 2210 2295 σόμοι
2256 2220 2562 2304 mentiost]
2615 2231 2879 2286 Coccltius
2915 2232 3210 2297 transtulit,
3255 2230 3356 2301 qui
3386 2247 3505 2283 cor·-

1013 2334 1128 2389 pus
1162 2323 1339 2369 curet.
1425 2310 1880 2367 Comei-tendum
1918 2324 2037 2367 erat
2090 2315 2283 2387 potius
2303 2354 2320 2378 ,
2365 2313 2464 2387 qui
2497 2333 2699 2387 corpus
2737 2323 2905 2374 tuum
2957 2315 3067 2367 rite
3110 2313 3352 2376 condat,
3394 2312 3515 2366 sive

1018 2405 1343 2469 componat.
1430 2396 1594 2450 Vidit
1627 2397 1772 2458 hoc,
1813 2397 2175 2468 praelucente
2213 2395 2456 2449 Salvinii
2488 2400 2984 2471 interpretatione,
3035 2391 3329 2469 Casper'im
3372 2395 3430 2450 d.
3471 2396 3511 2450 l.

1020 2481 1121 2536 aed
1155 2481 1298 2534 falso
1330 2483 1410 2532 ait
1443 2477 1742 2532 Cocchae’um
1777 2482 2007 2532 vertisse
2045 2478 2148 2551 qui
2181 2495 2383 2550 corpus
2415 2490 2591 2534 ornet.
2637 2480 2805 2553 Apud
2834 2477 3074 2552 Heych.
3106 2468 3385 2547 κοσμητῆς
3411 2496 3510 2531 ex·

1017 2568 1257 2639 plicatur
1311 2550 1697 2629 ἔνταφιαστῆς.
1783 2561 1963 2616 Dolet
2006 2566 2266 2617 nimirum
2299 2563 2582 2630 Anthiae,
2628 2561 3059 2630 Habrocomen,
3101 2566 3150 2617 si
3189 2566 3248 2616 in
3294 2579 3516 2616 carcere

1022 2659 1257 2701 mortem
1287 2644 1510 2706 obierit,
1553 2645 1834 2716 sepultum
1875 2647 1941 2696 iri
1980 2662 2269 2699 servorum
2303 2665 2478 2710 more,
2522 2651 2643 2700 sine
2672 2648 3025 2720 pollinctor-is
3061 2662 3211 2708 cura,
3256 2656 3351 2698 aut
3385 2645 3514 2698 libi-

937 2799 946 2807 ·
1033 2731 1222 2782 tinarii
1259 2728 1586 2778 ministerio.
1632 2725 1892 2779 Fortasse
1928 2730 2097 2779 etiam
2134 2741 2359 2782 ornatur
2389 2731 2592 2801 aliquis
2625 2728 3016 2802 intelligendus
3049 2739 3132 2782 cst
3160 2728 3212 2781 h.
3235 2730 3272 2782 1.
3306 2732 3366 2781 in
3394 2745 3514 2782 ver-

1023 2812 1101 2864 bo
1138 2812 1376 2875 κοσμεῒν,
1421 2804 1684 2860 adhibitis
1720 2806 1982 2861 videlicet
2013 2807 2265 2875 floribus,
2308 2813 2495 2866 aliove
2538 2812 2773 2877 mundo,
2818 2823 2876 2865 ut
2910 2815 2988 2865 ita
3013 2811 3232 2876 dicam,
3276 2809 3515 2864 funebri.

1021 2893 1297 2946 Novimus
1341 2889 1570 2949 saltem,
1607 2900 1822 2943 veteres
1851 2888 2102 2944 Graecos
2137 2902 2193 2943 et
2223 2893 2510 2946 Romanos
2536 2898 3124 2966 consuevisse-cippos
3158 2891 3386 2948 floribus
3423 2911 3514 2946 or·

1020 2991 1161 3029 nare
1212 2974 1481 3042 sertisque
1527 2988 1818 3034 coronare,
1861 2971 2015 3044 quod
2052 2963 2265 3037 τάφους·
2323 2981 2543 3039 κοσμεῖν
2587 2976 2729 3029 dixit
2771 2977 3088 3047 Xenophon
3146 2977 3321 3030 Mem.
3357 2975 3515 3030 Socr.

1022 3057 1122 3113 lib.
1142 3059 1218 3111 11.
1248 3072 1300 3109 c.
1326 3070 1377 3107 2.
1399 3072 1443 3106 s.
1469 3072 1557 3124 ¹3·
1601 3054 1768 3108 Conf.
1808 3072 1879 3108 ea
1922 3053 1995 3108 de
2019 3072 2079 3108 re
2101 3054 2400 3109 L.Gira1d.
2424 3056 2497 3110 de
2526 3055 2656 3111 Ritu
2694 3060 2869 3132 sepel.
2906 3063 2967 3112 in
2999 3062 3117 3113 eius
3141 3057 3292 3132 opp.
3310 3074 3478 3132 p.741
3499 3098 3514 3111 .

1216 3130 1284 3197 Ρ.
1305 3146 1407 3213 41.
1433 3147 1499 3195 V.
1523 3146 1584 3212 4.
1622 3133 1759 3203 μενῶ
1814 3125 1917 3208 σὲ]
1967 3136 2217 3192 Manebo
2251 3144 2353 3191 tub
2375 3176 2393 3203 ,
2438 3157 2553 3193 non
2596 3130 2659 3195 σέ
2683 3179 2702 3204 ,
2745 3141 2898 3212 quod
2937 3140 3150 3203 editur.
3196 3136 3519 3212 [habetque

1028 3227 1200 3277 etiam
1237 3219 1380 3275 eod.
1417 3214 1603 3291 Flor]
1647 3230 1702 3272 et
1724 3221 2096 3293 Interprctem
2140 3215 2530 3293 [Coc-chium,
2573 3241 2678 3276 nec
2712 3240 2832 3277 non
2866 3218 3235 3295 salvitatum]
3276 3223 3514 3296 decepit.

1029 3304 1319 3359 HEMST.
1489 3302 1787 3356 Consimili
1825 3302 1997 3374 plane
2031 3302 2203 3357 modo
2241 3306 2452 3361 Anthia
2486 3307 2649 3378 p.61.
2669 3325 2720 3359 v.
2745 3323 2802 3371 4.
2827 3310 2925 3370 ait,
2952 3305 3174 3370 μείνασα
3212 3298 3390 3373 νύμφη
3423 3293 3513 3371 σέ.

1213 3373 1284 3443 Ρ.
1305 3396 1407 3463 41.
1434 3396 1500 3444 V.
1524 3395 1603 3461 4·
1627 3393 1684 3459 5.
1724 3379 1813 3438 καὶ
1832 3409 1914 3424 —-
1934 3372 2062 3456 κᾷν]
2108 3386 2219 3439 Pro
2257 3387 2470 3440 sive—
2499 3390 2617 3442 sive
2654 3388 2853 3454 etiam,
2895 3387 3375 3460 quemadmodum
3413 3387 3513 3443 du—

1028 3470 1168 3544 plex
1203 3464 1294 3522 xa?
1331 3488 1392 3540 p.
1416 3483 1510 3533 44.
1531 3487 1584 3519 v.
1610 3478 1661 3530 3.
1714 3484 1817 3538 pro
1857 3466 1972 3519 sive
1993 3468 2224 3521 -sive.
2270 3471 2432 3525 Conf.
2477 3469 2644 3525 indic.
2682 3471 2886 3524 Zeunie’
2908 3469 2984 3524 ad
3010 3470 3267 3542 Xenopla.
3304 3473 3544 3543 cyr-op.-

1215 3539 1285 3607 P.
1309 3560 1411 3625 41.
1436 3561 1500 3608 v.
1520 3540 1579 3606 6.
1603 3542 1982 3619 προεκυλίετο]
2032 3551 2099 3601 In
2119 3550 2301 3604 Lond.
2325 3552 2414 3608 ed.
2435 3554 2635 3625 legitur
2661 3552 3015 3624 προκυλίετος
3061 3557 3120 3607 in
3140 3554 3269 3606 Luc.
3297 3566 3354 3606 et
3378 3556 3513 3606 Vin-

1033 3633 1351 3704 dob.prout
1382 3649 1487 3704 per
1511 3635 1779 3685 incuriam
1812 3630 2016 3686 excudi
2049 3635 2310 3697 sivimusg
2355 3652 2487 3688 nam
2516 3638 2578 3688 in
2613 3639 2804 3690 animo
2838 3636 3181 3691 habebamus
3208 3631 3519 3707 προυκυλῖεο

1028 3734 1096 3773 το
1134 3714 1324 3779 edere,
1351 3716 1482 3785 quia
1516 3733 1573 3788 p.
1597 3715 1692 3766 62.
1713 3733 1762 3766 v.
1791 3734 1809 3766 ι
1834 3732 1882 3766 ι.
1917 3716 1999 3766 sic
2028 3714 2140 3787 legi
2173 3716 2484 3771 sciebamus
2517 3719 2577 3771 in
2615 3717 2757 3772 Cod.
2785 3718 2937 3772 Flor.
2966 3718 3159 3791 ibique
3192 3722 3359 3771 etiam
3396 3719 3453 3774 b.
3475 3720 3519 3772 1.

1021 3803 1102 3852 ita
1136 3815 1259 3853 esse
1294 3799 1556 3868 scriptum
1595 3794 1776 3849 edocti
1814 3796 2095 3850 fueramus
2134 3816 2170 3851 a
2203 3800 2286 3852 Cl.
2308 3800 2553 3872 Wee'ge13
2599 3816 2731 3854 nam
2761 3800 3025 3877 Cocchius
3054 3805 3110 3854 in
3148 3804 3397 3873 margine
3430 3804 3519 3856 sui

1022 3880 1272 3954 exempli
1318 3878 1394 3932 ad
1441 3878 1735 3932 manifeste
1768 3882 2025 3933 vitiosam
2063 3880 2367 3936 lectionem
2394 3878 2710 3955 προκυλῖετο
2755 3884 2895 3938 nibil
2933 3883 3322 3938 adnotaverat.

1214 3952 1284 4020 Ρ.
1305 3972 1571 4039 41.V.7.
1609 3952 1681 4026 ὧς
1729 3944 1902 4033 εἶχεν]
1961 3964 2080 4015 Hoc
2121 3965 2251 4017 loco
2289 3967 2443 4019 valet
2486 3965 2821 4035 confinita,
2865 3967 3108 4029 statim,
3150 3966 3272 4019 cine
3312 3983 3512 4031 mora,

1018 4056 1184 4118 prout
1218 4050 1445 4118 saepius
1477 4042 1630 4118 apud
1665 4047 1942 4097 seniorem
1967 4045 2327 4117 Xenophont.
2354 4058 2410 4101 et
2448 4046 2685 4102 Arrian.
2726 4048 2797 4102 de
2832 4049 2975 4124 Exp.
3022 4051 3186 4103 Alex.
3228 4048 3513 4101 Salvinius

1021 4130 1186 4182 nimis
1222 4127 1297 4183 ad
1321 4127 1550 4184 verbum
1573 4124 1819 4181 reddidit
1857 4144 2015 4183 come
2051 4128 2104 4184 si
2138 4139 2370 4185 trovava
2390 4148 2412 4191 ‚⁶
2458 4142 2515 4186 at
2547 4130 2809 4187 Coc-chius
2834 4133 3012 4190 multo
3038 4135 3220 4206 peius,
3248 4150 3357 4207 quo
3388 4132 3521 4189 orat
