<?xml version="1.0" encoding="UTF-8"?>
<!DOCTYPE html PUBLIC "-//W3C//DTD XHTML 1.0 Transitional//EN"
    "http://www.w3.org/TR/xhtml1/DTD/xhtml1-transitional.dtd">
<html xmlns="http://www.w3.org/1999/xhtml" xml:lang="en" lang="en">
 <head>
  <title>
</title>
<meta http-equiv="Content-Type" content="text/html;charset=utf-8" />
  <meta name='ocr-system' content='tesseract 3.04.00' />
  <meta name='ocr-capabilities' content='ocr_page ocr_carea ocr_par ocr_line ocrx_word'/>
</head>
<body>
  <div class='ocr_page' id='page_1' title='image "./xenophontisephe00ephegoog_0017.png"; bbox 0 0 3969 5126; ppageno 0'>
   <div class='ocr_carea' id='block_1_1' title="bbox 2894 566 3044 620">
    <p class='ocr_par' dir='ltr' id='par_1_1' title="bbox 2894 566 3044 620">
     <span class='ocr_line' id='line_1_1' title="bbox 2894 566 3044 620; baseline 0.007 -1"><span class='ocrx_word' id='word_1_1' title='bbox 2894 566 3044 620; x_wconf 79' lang='lat' dir='ltr'>xm</span> 
     </span>
    </p>
   </div>
   <div class='ocr_carea' id='block_1_2' title="bbox 550 658 3044 1002">
    <p class='ocr_par' dir='ltr' id='par_1_2' title="bbox 550 658 3044 1002">
     <span class='ocr_line' id='line_1_2' title="bbox 556 658 3041 781; baseline 0.001 -27"><span class='ocrx_word' id='word_1_2' title='bbox 556 704 851 780; x_wconf 83' lang='lat' dir='ltr'>possem</span> <span class='ocrx_word' id='word_1_3' title='bbox 895 658 1306 781; x_wconf 71' lang='lat' dir='ltr'>adlungere‚</span> <span class='ocrx_word' id='word_1_4' title='bbox 1334 671 1548 780; x_wconf 82' lang='lat' dir='ltr'>quam</span> <span class='ocrx_word' id='word_1_5' title='bbox 1573 678 2022 756; x_wconf 80' lang='lat' dir='ltr'>D&#39;Orvillius</span> <span class='ocrx_word' id='word_1_6' title='bbox 2075 680 2442 756; x_wconf 88' lang='lat' dir='ltr'>Charitoni</span> <span class='ocrx_word' id='word_1_7' title='bbox 2483 707 2614 758; x_wconf 92' lang='lat' dir='ltr'>suo</span> <span class='ocrx_word' id='word_1_8' title='bbox 2659 684 2730 754; x_wconf 89' lang='lat' dir='ltr'>in</span> <span class='ocrx_word' id='word_1_9' title='bbox 2767 683 3041 780; x_wconf 82' lang='lat' dir='ltr'>praefa-</span> 
     </span>
     <span class='ocr_line' id='line_1_3' title="bbox 555 780 3040 893; baseline 0 -28"><span class='ocrx_word' id='word_1_10' title='bbox 555 796 750 867; x_wconf 86' lang='lat' dir='ltr'>tione</span> <span class='ocrx_word' id='word_1_11' title='bbox 787 797 1046 867; x_wconf 91' lang='lat' dir='ltr'>merito</span> <span class='ocrx_word' id='word_1_12' title='bbox 1088 795 1362 885; x_wconf 76' lang='lat' dir='ltr'>tribuit,</span> <span class='ocrx_word' id='word_1_13' title='bbox 1407 780 1619 893; x_wconf 81' lang='lat' dir='ltr'>quod</span> <span class='ocrx_word' id='word_1_14' title='bbox 1658 783 2008 866; x_wconf 36' lang='lat' dir='ltr'>videlicet*</span> <span class='ocrx_word' id='word_1_15' title='bbox 2033 812 2172 863; x_wconf 85' lang='lat' dir='ltr'>nec</span> <span class='ocrx_word' id='word_1_16' title='bbox 2208 781 2517 865; x_wconf 78' lang='lat' dir='ltr'>verbum</span> <span class='ocrx_word' id='word_1_17' title='bbox 2557 814 2699 866; x_wconf 81' lang='lat' dir='ltr'>nec</span> <span class='ocrx_word' id='word_1_18' title='bbox 2739 809 3040 865; x_wconf 83' lang='lat' dir='ltr'>senten-</span> 
     </span>
     <span class='ocr_line' id='line_1_4' title="bbox 550 888 3044 1002; baseline 0.001 -28"><span class='ocrx_word' id='word_1_19' title='bbox 550 901 671 989; x_wconf 68' lang='lat' dir='ltr'>tia</span> <span class='ocrx_word' id='word_1_20' title='bbox 708 894 872 974; x_wconf 86' lang='lat' dir='ltr'>ulla</span> <span class='ocrx_word' id='word_1_21' title='bbox 915 902 991 975; x_wconf 89' lang='lat' dir='ltr'>in</span> <span class='ocrx_word' id='word_1_22' title='bbox 1028 902 1295 980; x_wconf 82' lang='lat' dir='ltr'>Nostro</span> <span class='ocrx_word' id='word_1_23' title='bbox 1358 900 1839 986; x_wconf 79' lang='lat' dir='ltr'>inveniatur,</span> <span class='ocrx_word' id='word_1_24' title='bbox 1890 888 2003 974; x_wconf 82' lang='lat' dir='ltr'>ad</span> <span class='ocrx_word' id='word_1_25' title='bbox 2039 922 2269 1002; x_wconf 84' lang='lat' dir='ltr'>quam</span> <span class='ocrx_word' id='word_1_26' title='bbox 2318 895 2452 971; x_wconf 87' lang='lat' dir='ltr'>vel</span> <span class='ocrx_word' id='word_1_27' title='bbox 2505 902 3044 989; x_wconf 77' lang='lat' dir='ltr'>severissimus</span> 
     </span>
    </p>
   </div>
   <div class='ocr_carea' id='block_1_3' title="bbox 448 1006 3040 1113">
    <p class='ocr_par' dir='ltr' id='par_1_3' title="bbox 448 1006 3040 1113">
     <span class='ocr_line' id='line_1_5' title="bbox 448 1006 3040 1113; baseline 0.001 -27"><span class='ocrx_word' id='word_1_28' title='bbox 448 1046 457 1057; x_wconf 83' lang='lat'><strong>·</strong></span> <span class='ocrx_word' id='word_1_29' title='bbox 552 1006 802 1086; x_wconf 80' lang='lat' dir='ltr'>lector</span> <span class='ocrx_word' id='word_1_30' title='bbox 826 1009 1195 1106; x_wconf 82' lang='lat' dir='ltr'>frontem</span> <span class='ocrx_word' id='word_1_31' title='bbox 1249 1030 1661 1113; x_wconf 75' lang='lat' dir='ltr'>corruget5</span> <span class='ocrx_word' id='word_1_32' title='bbox 1701 1036 1983 1105; x_wconf 79' lang='lat' dir='ltr'>verum,</span> <span class='ocrx_word' id='word_1_33' title='bbox 2029 1028 2109 1085; x_wconf 93' lang='lat' dir='ltr'>ut</span> <span class='ocrx_word' id='word_1_34' title='bbox 2145 1012 2336 1084; x_wconf 91' lang='lat' dir='ltr'>idem</span> <span class='ocrx_word' id='word_1_35' title='bbox 2364 1015 2475 1084; x_wconf 87' lang='lat' dir='ltr'>vir</span> <span class='ocrx_word' id='word_1_36' title='bbox 2515 1013 2770 1088; x_wconf 87' lang='lat' dir='ltr'>doctus</span> <span class='ocrx_word' id='word_1_37' title='bbox 2818 1015 3040 1106; x_wconf 55' lang='lat' dir='ltr'>addin·</span> 
     </span>
    </p>
   </div>
   <div class='ocr_carea' id='block_1_4' title="bbox 540 1112 3044 1224">
    <p class='ocr_par' dir='ltr' id='par_1_4' title="bbox 540 1112 3044 1224">
     <span class='ocr_line' id='line_1_6' title="bbox 540 1112 3044 1224; baseline 0.002 -30"><span class='ocrx_word' id='word_1_38' title='bbox 540 1123 910 1217; x_wconf 79' lang='lat' dir='ltr'>pravitas</span> <span class='ocrx_word' id='word_1_39' title='bbox 951 1123 1111 1194; x_wconf 81' lang='lat' dir='ltr'>ista</span> <span class='ocrx_word' id='word_1_40' title='bbox 1157 1118 1504 1213; x_wconf 78' lang='lat' dir='ltr'>saecule,</span> <span class='ocrx_word' id='word_1_41' title='bbox 1559 1123 1672 1196; x_wconf 83' lang='lat' dir='ltr'>uti</span> <span class='ocrx_word' id='word_1_42' title='bbox 1710 1120 2013 1224; x_wconf 81' lang='lat' dir='ltr'><strong><em>priori,</em></strong></span> <span class='ocrx_word' id='word_1_43' title='bbox 2069 1118 2184 1197; x_wconf 80' lang='lat' dir='ltr'>sic</span> <span class='ocrx_word' id='word_1_44' title='bbox 2228 1118 2462 1192; x_wconf 85' lang='lat' dir='ltr'>etiam</span> <span class='ocrx_word' id='word_1_45' title='bbox 2510 1112 2883 1198; x_wconf 83' lang='lat' dir='ltr'>licentiori</span> <span class='ocrx_word' id='word_1_46' title='bbox 2923 1141 3044 1199; x_wconf 81' lang='lat' dir='ltr'>est</span> 
     </span>
    </p>
   </div>
   <div class='ocr_carea' id='block_1_5' title="bbox 549 1214 3042 1419">
    <p class='ocr_par' dir='ltr' id='par_1_5' title="bbox 549 1214 3042 1419">
     <span class='ocr_line' id='line_1_7' title="bbox 549 1214 2670 1319; baseline -0.007 -24"><span class='ocrx_word' id='word_1_47' title='bbox 549 1214 1029 1319; x_wconf 79' lang='lat' dir='ltr'>imputanda.</span> <span class='ocrx_word' id='word_1_48' title='bbox 1049 1223 1103 1264; x_wconf 74' lang='lat'>²⁸</span> <span class='ocrx_word' id='word_1_49' title='bbox 2653 1272 2670 1281; x_wconf 89' lang='lat'>-</span> 
     </span>
     <span class='ocr_line' id='line_1_8' title="bbox 651 1313 3042 1419; baseline -0 -24"><span class='ocrx_word' id='word_1_50' title='bbox 651 1321 1052 1419; x_wconf 87' lang='lat' dir='ltr'>Desumpta</span> <span class='ocrx_word' id='word_1_51' title='bbox 1113 1336 1277 1403; x_wconf 84' lang='lat' dir='ltr'>sunt</span> <span class='ocrx_word' id='word_1_52' title='bbox 1331 1317 1832 1418; x_wconf 85' lang='lat' dir='ltr'>Xenophontis</span> <span class='ocrx_word' id='word_1_53' title='bbox 1896 1315 2188 1419; x_wconf 87' lang='lat' dir='ltr'>Ephesii</span> <span class='ocrx_word' id='word_1_54' title='bbox 2230 1313 2628 1415; x_wconf 87' lang='lat' dir='ltr'>Ephesiaca</span> <span class='ocrx_word' id='word_1_55' title='bbox 2688 1341 2778 1393; x_wconf 88' lang='lat' dir='ltr'>ex</span> <span class='ocrx_word' id='word_1_56' title='bbox 2829 1323 3042 1393; x_wconf 87' lang='lat' dir='ltr'>unico</span> 
     </span>
    </p>
   </div>
   <div class='ocr_carea' id='block_1_6' title="bbox 536 1417 3041 2535">
    <p class='ocr_par' dir='ltr' id='par_1_6' title="bbox 536 1417 3041 2535">
     <span class='ocr_line' id='line_1_9' title="bbox 540 1417 3041 1524; baseline -0 -27"><span class='ocrx_word' id='word_1_57' title='bbox 540 1419 700 1497; x_wconf 85' lang='lat' dir='ltr'>MS.</span> <span class='ocrx_word' id='word_1_58' title='bbox 744 1422 993 1497; x_wconf 83' lang='lat' dir='ltr'>codice</span> <span class='ocrx_word' id='word_1_59' title='bbox 1041 1422 1520 1524; x_wconf 71' lang='lat' dir='ltr'>bombycino⁷</span> <span class='ocrx_word' id='word_1_60' title='bbox 1561 1424 1680 1520; x_wconf 90' lang='lat' dir='ltr'>qui</span> <span class='ocrx_word' id='word_1_61' title='bbox 1723 1420 2129 1496; x_wconf 83' lang='lat' dir='ltr'>Florentiae</span> <span class='ocrx_word' id='word_1_62' title='bbox 2190 1423 2262 1492; x_wconf 91' lang='lat' dir='ltr'>in</span> <span class='ocrx_word' id='word_1_63' title='bbox 2311 1417 2756 1495; x_wconf 86' lang='lat' dir='ltr'>Bibliotheca</span> <span class='ocrx_word' id='word_1_64' title='bbox 2796 1445 3041 1496; x_wconf 89' lang='lat' dir='ltr'>mona-</span> 
     </span>
     <span class='ocr_line' id='line_1_10' title="bbox 552 1520 3040 1601; baseline -0.002 -2"><span class='ocrx_word' id='word_1_65' title='bbox 552 1526 745 1599; x_wconf 87' lang='lat' dir='ltr'>sterii</span> <span class='ocrx_word' id='word_1_66' title='bbox 778 1525 868 1598; x_wconf 89' lang='lat' dir='ltr'>ad</span> <span class='ocrx_word' id='word_1_67' title='bbox 905 1524 972 1598; x_wconf 90' lang='lat' dir='ltr'>S.</span> <span class='ocrx_word' id='word_1_68' title='bbox 1001 1523 1305 1598; x_wconf 89' lang='lat' dir='ltr'>Mariam</span> <span class='ocrx_word' id='word_1_69' title='bbox 1346 1523 1872 1599; x_wconf 85' lang='lat' dir='ltr'>Monachorum</span> <span class='ocrx_word' id='word_1_70' title='bbox 1915 1523 2448 1601; x_wconf 82' lang='lat' dir='ltr'>Cassinensium</span> <span class='ocrx_word' id='word_1_71' title='bbox 2478 1520 2880 1597; x_wconf 84' lang='lat' dir='ltr'>Ordinis&#39;S.</span> <span class='ocrx_word' id='word_1_72' title='bbox 2910 1521 3040 1596; x_wconf 91' lang='lat' dir='ltr'>Be-</span> 
     </span>
     <span class='ocr_line' id='line_1_11' title="bbox 546 1623 3040 1723; baseline -0 -25"><span class='ocrx_word' id='word_1_73' title='bbox 546 1627 807 1700; x_wconf 87' lang='lat' dir='ltr'>nedicti</span> <span class='ocrx_word' id='word_1_74' title='bbox 870 1626 1001 1700; x_wconf 92' lang='lat' dir='ltr'>sub</span> <span class='ocrx_word' id='word_1_75' title='bbox 1038 1652 1374 1700; x_wconf 90' lang='lat' dir='ltr'>·numero</span> <span class='ocrx_word' id='word_1_76' title='bbox 1434 1624 1682 1700; x_wconf 88' lang='lat' dir='ltr'><strong>XCIV.</strong></span> <span class='ocrx_word' id='word_1_77' title='bbox 1742 1628 2180 1703; x_wconf 84' lang='lat' dir='ltr'>adservatur.</span> <span class='ocrx_word' id='word_1_78' title='bbox 2267 1623 2615 1723; x_wconf 64' lang='lat' dir='ltr'>»Scriptus</span> <span class='ocrx_word' id='word_1_79' title='bbox 2693 1640 2806 1699; x_wconf 89' lang='lat' dir='ltr'>est</span> <span class='ocrx_word' id='word_1_80' title='bbox 2870 1629 3040 1699; x_wconf 87' lang='lat' dir='ltr'>satis</span> 
     </span>
     <span class='ocr_line' id='line_1_12' title="bbox 546 1726 3039 1827; baseline 0 -27"><span class='ocrx_word' id='word_1_81' title='bbox 546 1729 919 1804; x_wconf 85' lang='lat' dir='ltr'>emendate</span> <span class='ocrx_word' id='word_1_82' title='bbox 964 1731 1035 1800; x_wconf 90' lang='lat' dir='ltr'>in</span> <span class='ocrx_word' id='word_1_83' title='bbox 1078 1746 1333 1803; x_wconf 84' lang='lat' dir='ltr'>octava</span> <span class='ocrx_word' id='word_1_84' title='bbox 1378 1729 1612 1803; x_wconf 88' lang='lat' dir='ltr'>forma</span> <span class='ocrx_word' id='word_1_85' title='bbox 1656 1728 1807 1802; x_wconf 86' lang='lat' dir='ltr'>fere</span> <span class='ocrx_word' id='word_1_86' title='bbox 1851 1729 2241 1827; x_wconf 77' lang='lat' dir='ltr'>quadrata,</span> <span class='ocrx_word' id='word_1_87' title='bbox 2297 1726 2521 1799; x_wconf 90' lang='lat' dir='ltr'>literis</span> <span class='ocrx_word' id='word_1_88' title='bbox 2556 1727 2848 1823; x_wconf 85' lang='lat' dir='ltr'>quidem</span> <span class='ocrx_word' id='word_1_89' title='bbox 2896 1728 3039 1800; x_wconf 91' lang='lat' dir='ltr'>ele·</span> 
     </span>
     <span class='ocr_line' id='line_1_13' title="bbox 538 1828 3036 1928; baseline -0 -25"><span class='ocrx_word' id='word_1_90' title='bbox 538 1832 926 1928; x_wconf 70' lang='lat' dir='ltr'>gantibu5‚-</span> <span class='ocrx_word' id='word_1_91' title='bbox 975 1830 1103 1902; x_wconf 86' lang='lat' dir='ltr'>sed</span> <span class='ocrx_word' id='word_1_92' title='bbox 1165 1833 1706 1922; x_wconf 73' lang='lat' dir='ltr'>minutissimiS‚</span> <span class='ocrx_word' id='word_1_93' title='bbox 1763 1834 2048 1926; x_wconf 87' lang='lat' dir='ltr'>iamque</span> <span class='ocrx_word' id='word_1_94' title='bbox 2105 1828 2314 1902; x_wconf 88' lang='lat' dir='ltr'>valde</span> <span class='ocrx_word' id='word_1_95' title='bbox 2377 1828 2686 1902; x_wconf 87' lang='lat' dir='ltr'>obsoleti</span> <span class='ocrx_word' id='word_1_96' title='bbox 2746 1830 3036 1903; x_wconf 87' lang='lat' dir='ltr'>coloris.</span> 
     </span>
     <span class='ocr_line' id='line_1_14' title="bbox 539 1926 3034 2006; baseline -0 -1"><span class='ocrx_word' id='word_1_97' title='bbox 539 1930 1123 2006; x_wconf 82' lang='lat' dir='ltr'>Montfauconius</span> <span class='ocrx_word' id='word_1_98' title='bbox 1169 1946 1241 2002; x_wconf 89' lang='lat' dir='ltr'>et</span> <span class='ocrx_word' id='word_1_99' title='bbox 1277 1931 1634 2004; x_wconf 85' lang='lat' dir='ltr'>Cocohius</span> <span class='ocrx_word' id='word_1_100' title='bbox 1667 1957 1834 2005; x_wconf 91' lang='lat' dir='ltr'>eum</span> <span class='ocrx_word' id='word_1_101' title='bbox 1877 1931 2145 2005; x_wconf 89' lang='lat' dir='ltr'>saeculi</span> <span class='ocrx_word' id='word_1_102' title='bbox 2175 1926 2369 2003; x_wconf 90' lang='lat' dir='ltr'><strong>XIII.</strong></span> <span class='ocrx_word' id='word_1_103' title='bbox 2409 1954 2567 2001; x_wconf 90' lang='lat' dir='ltr'>esse</span> <span class='ocrx_word' id='word_1_104' title='bbox 2610 1928 3034 2005; x_wconf 86' lang='lat' dir='ltr'>iudicarunt.</span> 
     </span>
     <span class='ocr_line' id='line_1_15' title="bbox 541 2031 3039 2131; baseline 0 -26"><span class='ocrx_word' id='word_1_105' title='bbox 541 2033 880 2107; x_wconf 87' lang='lat' dir='ltr'>Continet</span> <span class='ocrx_word' id='word_1_106' title='bbox 914 2040 1051 2108; x_wconf 86' lang='lat' dir='ltr'>tria</span> <span class='ocrx_word' id='word_1_107' title='bbox 1096 2048 1171 2105; x_wconf 87' lang='lat' dir='ltr'>et</span> <span class='ocrx_word' id='word_1_108' title='bbox 1208 2034 1460 2131; x_wconf 84' lang='lat' dir='ltr'>viginti</span> <span class='ocrx_word' id='word_1_109' title='bbox 1501 2035 1871 2107; x_wconf 85' lang='lat' dir='ltr'>variorum</span> <span class='ocrx_word' id='word_1_110' title='bbox 1910 2048 2288 2107; x_wconf 84' lang='lat' dir='ltr'>auctorum</span> <span class='ocrx_word' id='word_1_111' title='bbox 2323 2031 2694 2129; x_wconf 76' lang='lat' dir='ltr'>opuscula,</span> <span class='ocrx_word' id='word_1_112' title='bbox 2725 2055 3039 2127; x_wconf 87' lang='lat' dir='ltr'>quorum</span> 
     </span>
     <span class='ocr_line' id='line_1_16' title="bbox 539 2133 3032 2235; baseline 0 -28"><span class='ocrx_word' id='word_1_113' title='bbox 539 2136 880 2234; x_wconf 84' lang='lat' dir='ltr'>pleraque</span> <span class='ocrx_word' id='word_1_114' title='bbox 927 2134 1033 2209; x_wconf 67' lang='lat' dir='ltr'>ad.</span> <span class='ocrx_word' id='word_1_115' title='bbox 1060 2133 1542 2235; x_wconf 86' lang='lat' dir='ltr'>Theologiam</span> <span class='ocrx_word' id='word_1_116' title='bbox 1583 2150 1657 2207; x_wconf 90' lang='lat' dir='ltr'>et</span> <span class='ocrx_word' id='word_1_117' title='bbox 1701 2133 2172 2235; x_wconf 84' lang='lat' dir='ltr'>Byzantinam</span> <span class='ocrx_word' id='word_1_118' title='bbox 2223 2133 2593 2215; x_wconf 85' lang='lat' dir='ltr'>historiam</span> <span class='ocrx_word' id='word_1_119' title='bbox 2652 2135 3032 2230; x_wconf 81' lang='lat' dir='ltr'>pertinent.</span> 
     </span>
     <span class='ocr_line' id='line_1_17' title="bbox 536 2233 3035 2336; baseline -0.002 -26"><span class='ocrx_word' id='word_1_120' title='bbox 536 2236 923 2335; x_wconf 77' lang='lat' dir='ltr'>DeincepS‚</span> <span class='ocrx_word' id='word_1_121' title='bbox 964 2252 1251 2334; x_wconf 91' lang='lat' dir='ltr'>praeter</span> <span class='ocrx_word' id='word_1_122' title='bbox 1288 2233 1648 2336; x_wconf 77' lang='lat' dir='ltr'>Longum,</span> <span class='ocrx_word' id='word_1_123' title='bbox 1680 2234 2045 2309; x_wconf 84' lang='lat' dir='ltr'>Achillem</span> <span class='ocrx_word' id='word_1_124' title='bbox 2070 2233 2390 2325; x_wconf 78' lang='lat' dir='ltr'>Tatium,</span> <span class='ocrx_word' id='word_1_125' title='bbox 2429 2248 2499 2306; x_wconf 90' lang='lat' dir='ltr'>et</span> <span class='ocrx_word' id='word_1_126' title='bbox 2544 2233 3035 2326; x_wconf 85' lang='lat' dir='ltr'>Charitonem‚</span> 
     </span>
     <span class='ocr_line' id='line_1_18' title="bbox 538 2333 3037 2434; baseline -0 -25"><span class='ocrx_word' id='word_1_127' title='bbox 538 2336 1044 2434; x_wconf 88' lang='lat' dir='ltr'>Xenophontis</span> <span class='ocrx_word' id='word_1_128' title='bbox 1102 2341 1332 2410; x_wconf 78' lang='lat' dir='ltr'>nostri</span> <span class='ocrx_word' id='word_1_129' title='bbox 1381 2337 1673 2409; x_wconf 85' lang='lat' dir='ltr'>exhibet</span> <span class='ocrx_word' id='word_1_130' title='bbox 1731 2335 2131 2434; x_wconf 84' lang='lat' dir='ltr'>Ephesiaca</span> <span class='ocrx_word' id='word_1_131' title='bbox 2193 2338 2265 2406; x_wconf 91' lang='lat' dir='ltr'>in</span> <span class='ocrx_word' id='word_1_132' title='bbox 2321 2333 2508 2409; x_wconf 85' lang='lat' dir='ltr'>foliis</span> <span class='ocrx_word' id='word_1_133' title='bbox 2571 2334 2721 2407; x_wconf 87' lang='lat' dir='ltr'>fere</span> <span class='ocrx_word' id='word_1_134' title='bbox 2773 2333 2898 2408; x_wconf 90' lang='lat' dir='ltr'>IX.</span> <span class='ocrx_word' id='word_1_135' title='bbox 2962 2336 3037 2408; x_wconf 88' lang='lat' dir='ltr'>id</span> 
     </span>
     <span class='ocr_line' id='line_1_19' title="bbox 544 2428 3033 2535; baseline 0 -28"><span class='ocrx_word' id='word_1_136' title='bbox 544 2452 677 2529; x_wconf 82' lang='lat' dir='ltr'>est,</span> <span class='ocrx_word' id='word_1_137' title='bbox 732 2435 951 2509; x_wconf 87' lang='lat' dir='ltr'><strong>XVII.</strong></span> <span class='ocrx_word' id='word_1_138' title='bbox 997 2439 1275 2535; x_wconf 84' lang='lat' dir='ltr'>paginis</span> <span class='ocrx_word' id='word_1_139' title='bbox 1315 2460 1483 2508; x_wconf 86' lang='lat' dir='ltr'>cum</span> <span class='ocrx_word' id='word_1_140' title='bbox 1528 2436 1910 2511; x_wconf 52' lang='lat' dir='ltr'>dimidiam</span> <span class='ocrx_word' id='word_1_141' title='bbox 1961 2428 2072 2507; x_wconf 89' lang='lat' dir='ltr'>Ex</span> <span class='ocrx_word' id='word_1_142' title='bbox 2113 2440 2252 2507; x_wconf 87' lang='lat' dir='ltr'>isto</span> <span class='ocrx_word' id='word_1_143' title='bbox 2296 2436 2512 2532; x_wconf 80' lang='lat' dir='ltr'>igitur</span> <span class='ocrx_word' id='word_1_144' title='bbox 2560 2434 2809 2506; x_wconf 86' lang='lat' dir='ltr'>codice</span> <span class='ocrx_word' id='word_1_145' title='bbox 2854 2435 3033 2508; x_wconf 84' lang='lat' dir='ltr'>Coc-</span> 
     </span>
    </p>
   </div>
   <div class='ocr_carea' id='block_1_7' title="bbox 535 2666 3033 3004">
    <p class='ocr_par' dir='ltr' id='par_1_7' title="bbox 535 2666 3033 3004">
     <span class='ocr_line' id='line_1_20' title="bbox 578 2666 3033 2758; baseline 0 -19"><span class='ocrx_word' id='word_1_146' title='bbox 578 2699 585 2704; x_wconf 83' lang='lat'>·</span> <span class='ocrx_word' id='word_1_147' title='bbox 629 2696 731 2749; x_wconf 76' lang='lat'>28.</span> <span class='ocrx_word' id='word_1_148' title='bbox 778 2684 991 2741; x_wconf 78' lang='lat' dir='ltr'>Doctus</span> <span class='ocrx_word' id='word_1_149' title='bbox 1019 2686 1228 2739; x_wconf 82' lang='lat' dir='ltr'>Iesuita</span> <span class='ocrx_word' id='word_1_150' title='bbox 1257 2683 1408 2752; x_wconf 87' lang='lat' dir='ltr'>(loco</span> <span class='ocrx_word' id='word_1_151' title='bbox 1449 2687 1506 2738; x_wconf 88' lang='lat' dir='ltr'>in</span> <span class='ocrx_word' id='word_1_152' title='bbox 1547 2666 1746 2739; x_wconf 71' lang='lat' dir='ltr'>adnot.</span> <span class='ocrx_word' id='word_1_153' title='bbox 1828 2684 2058 2740; x_wconf 78' lang='lat' dir='ltr'>strando</span> <span class='ocrx_word' id='word_1_154' title='bbox 2118 2688 2344 2758; x_wconf 77' lang='lat' dir='ltr'>positae</span> <span class='ocrx_word' id='word_1_155' title='bbox 2406 2681 2673 2738; x_wconf 80' lang='lat' dir='ltr'>utendum</span> <span class='ocrx_word' id='word_1_156' title='bbox 2743 2681 2849 2738; x_wconf 82' lang='lat' dir='ltr'>sibi</span> <span class='ocrx_word' id='word_1_157' title='bbox 2910 2702 3033 2739; x_wconf 81' lang='lat' dir='ltr'>esse</span> 
     </span>
     <span class='ocr_line' id='line_1_21' title="bbox 546 2764 3032 2839; baseline 0 -18"><span class='ocrx_word' id='word_1_158' title='bbox 546 2785 643 2839; x_wconf 80' lang='lat'>²5·</span> <span class='ocrx_word' id='word_1_159' title='bbox 665 2768 924 2834; x_wconf 85' lang='lat' dir='ltr'>laudato)</span> <span class='ocrx_word' id='word_1_160' title='bbox 957 2769 1102 2821; x_wconf 77' lang='lat' dir='ltr'>hane</span> <span class='ocrx_word' id='word_1_161' title='bbox 1138 2768 1413 2821; x_wconf 78' lang='lat' dir='ltr'>maculam</span> <span class='ocrx_word' id='word_1_162' title='bbox 1454 2770 1514 2820; x_wconf 86' lang='lat' dir='ltr'>in</span> <span class='ocrx_word' id='word_1_163' title='bbox 1553 2767 1742 2820; x_wconf 79' lang='lat' dir='ltr'>Xeno·</span> <span class='ocrx_word' id='word_1_164' title='bbox 1828 2771 2044 2821; x_wconf 79' lang='lat' dir='ltr'>censuit</span> <span class='ocrx_word' id='word_1_165' title='bbox 2077 2767 2205 2821; x_wconf 80' lang='lat' dir='ltr'>Ian.</span> <span class='ocrx_word' id='word_1_166' title='bbox 2252 2766 2547 2837; x_wconf 81' lang='lat' dir='ltr'>Casperius</span> <span class='ocrx_word' id='word_1_167' title='bbox 2590 2765 2688 2832; x_wconf 81' lang='lat' dir='ltr'>(in</span> <span class='ocrx_word' id='word_1_168' title='bbox 2726 2764 2840 2819; x_wconf 84' lang='lat' dir='ltr'>fine</span> <span class='ocrx_word' id='word_1_169' title='bbox 2879 2766 3032 2822; x_wconf 80' lang='lat' dir='ltr'>Diss.</span> 
     </span>
     <span class='ocr_line' id='line_1_22' title="bbox 535 2847 3030 2923; baseline -0.002 -17"><span class='ocrx_word' id='word_1_170' title='bbox 535 2851 772 2922; x_wconf 79' lang='lat' dir='ltr'>phontis</span> <span class='ocrx_word' id='word_1_171' title='bbox 814 2854 985 2904; x_wconf 77' lang='lat' dir='ltr'>nostri</span> <span class='ocrx_word' id='word_1_172' title='bbox 1024 2849 1218 2903; x_wconf 78' lang='lat' dir='ltr'>fabula</span> <span class='ocrx_word' id='word_1_173' title='bbox 1252 2861 1448 2904; x_wconf 83' lang='lat' dir='ltr'>notare</span> <span class='ocrx_word' id='word_1_174' title='bbox 1485 2867 1600 2903; x_wconf 84' lang='lat' dir='ltr'>non</span> <span class='ocrx_word' id='word_1_175' title='bbox 1644 2867 1742 2902; x_wconf 84' lang='lat' dir='ltr'>ne·</span> <span class='ocrx_word' id='word_1_176' title='bbox 1823 2850 1980 2904; x_wconf 77' lang='lat' dir='ltr'>laud.</span> <span class='ocrx_word' id='word_1_177' title='bbox 2010 2868 2069 2923; x_wconf 81' lang='lat' dir='ltr'>p.</span> <span class='ocrx_word' id='word_1_178' title='bbox 2090 2851 2358 2917; x_wconf 83' lang='lat' dir='ltr'><strong>xxm.)</strong></span> <span class='ocrx_word' id='word_1_179' title='bbox 2404 2850 2490 2901; x_wconf 81' lang='lat' dir='ltr'>his</span> <span class='ocrx_word' id='word_1_180' title='bbox 2527 2847 2745 2901; x_wconf 76' lang='lat' dir='ltr'>verbis:</span> <span class='ocrx_word' id='word_1_181' title='bbox 2809 2848 3030 2920; x_wconf 80' lang='lat' dir='ltr'>Hospes</span> 
     </span>
     <span class='ocr_line' id='line_1_23' title="bbox 544 2927 3027 3004; baseline -0 -19"><span class='ocrx_word' id='word_1_182' title='bbox 544 2933 735 3004; x_wconf 82' lang='lat' dir='ltr'>glexit.</span> <span class='ocrx_word' id='word_1_183' title='bbox 775 2931 841 2984; x_wconf 91' lang='lat' dir='ltr'>Il</span> <span class='ocrx_word' id='word_1_184' title='bbox 855 2951 912 3003; x_wconf 75' lang='lat' dir='ltr'>y·</span> <span class='ocrx_word' id='word_1_185' title='bbox 939 2951 975 2984; x_wconf 85' lang='lat' dir='ltr'>a</span> <span class='ocrx_word' id='word_1_186' title='bbox 1001 2932 1146 2984; x_wconf 81' lang='lat' dir='ltr'>dans</span> <span class='ocrx_word' id='word_1_187' title='bbox 1180 2940 1326 2985; x_wconf 82' lang='lat' dir='ltr'>cette</span> <span class='ocrx_word' id='word_1_188' title='bbox 1359 2931 1592 2984; x_wconf 77' lang='lat' dir='ltr'>histoire</span> <span class='ocrx_word' id='word_1_189' title='bbox 1617 2930 1740 2997; x_wconf 88' lang='lat' dir='ltr'>(in-</span> <span class='ocrx_word' id='word_1_190' title='bbox 1823 2941 2022 2985; x_wconf 84' lang='lat' dir='ltr'>autem</span> <span class='ocrx_word' id='word_1_191' title='bbox 2049 2933 2128 2986; x_wconf 89' lang='lat' dir='ltr'>sit</span> <span class='ocrx_word' id='word_1_192' title='bbox 2151 2941 2377 3002; x_wconf 83' lang='lat' dir='ltr'>oportet</span> <span class='ocrx_word' id='word_1_193' title='bbox 2410 2931 2471 2982; x_wconf 85' lang='lat' dir='ltr'>in</span> <span class='ocrx_word' id='word_1_194' title='bbox 2503 2927 2833 2983; x_wconf 80' lang='lat' dir='ltr'>melioribus</span> <span class='ocrx_word' id='word_1_195' title='bbox 2869 2931 3027 2984; x_wconf 85' lang='lat' dir='ltr'>litte-</span> 
     </span>
    </p>
   </div>
   <div class='ocr_carea' id='block_1_8' title="bbox 541 3013 1738 3087">
    <p class='ocr_par' dir='ltr' id='par_1_8' title="bbox 541 3013 1738 3087">
     <span class='ocr_line' id='line_1_24' title="bbox 541 3013 1738 3087; baseline -0.001 -21"><span class='ocrx_word' id='word_1_196' title='bbox 541 3014 698 3084; x_wconf 83' lang='lat' dir='ltr'>quit)</span> <span class='ocrx_word' id='word_1_197' title='bbox 740 3014 877 3085; x_wconf 84' lang='lat' dir='ltr'>plus</span> <span class='ocrx_word' id='word_1_198' title='bbox 914 3013 1268 3067; x_wconf 81' lang='lat' dir='ltr'>d&#39;incidents</span> <span class='ocrx_word' id='word_1_199' title='bbox 1288 3032 1395 3087; x_wconf 79' lang='lat' dir='ltr'>que</span> <span class='ocrx_word' id='word_1_200' title='bbox 1423 3015 1570 3066; x_wconf 84' lang='lat' dir='ltr'>dans</span> <span class='ocrx_word' id='word_1_201' title='bbox 1616 3013 1738 3065; x_wconf 86' lang='lat' dir='ltr'>l&#39;I·</span> 
     </span>
    </p>
   </div>
   <div class='ocr_carea' id='block_1_9' title="bbox 1820 3011 3028 3087">
    <p class='ocr_par' dir='ltr' id='par_1_9' title="bbox 1820 3011 3028 3087">
     <span class='ocr_line' id='line_1_25' title="bbox 1820 3011 3028 3087; baseline -0.001 -20"><span class='ocrx_word' id='word_1_202' title='bbox 1820 3015 1923 3079; x_wconf 86' lang='lat' dir='ltr'>ris,</span> <span class='ocrx_word' id='word_1_203' title='bbox 1963 3014 2065 3087; x_wconf 81' lang='lat' dir='ltr'>qui</span> <span class='ocrx_word' id='word_1_204' title='bbox 2098 3014 2324 3068; x_wconf 77' lang='lat' dir='ltr'>honesti</span> <span class='ocrx_word' id='word_1_205' title='bbox 2354 3013 2466 3066; x_wconf 79' lang='lat' dir='ltr'>viri</span> <span class='ocrx_word' id='word_1_206' title='bbox 2495 3011 2684 3085; x_wconf 72' lang='lat' dir='ltr'>officio</span> <span class='ocrx_word' id='word_1_207' title='bbox 2719 3012 3028 3086; x_wconf 71' lang='lat' dir='ltr'>indignam</span> 
     </span>
    </p>
   </div>
   <div class='ocr_carea' id='block_1_10' title="bbox 537 3087 3028 3172">
    <p class='ocr_par' dir='ltr' id='par_1_10' title="bbox 537 3087 3028 3172">
     <span class='ocr_line' id='line_1_26' title="bbox 537 3087 3028 3172; baseline 0 -25"><span class='ocrx_word' id='word_1_208' title='bbox 537 3094 708 3160; x_wconf 78' lang='lat' dir='ltr'>liade3</span> <span class='ocrx_word' id='word_1_209' title='bbox 742 3104 801 3149; x_wconf 89' lang='lat' dir='ltr'>et</span> <span class='ocrx_word' id='word_1_210' title='bbox 825 3087 962 3166; x_wconf 77' lang='lat' dir='ltr'>plus</span> <span class='ocrx_word' id='word_1_211' title='bbox 999 3095 1070 3149; x_wconf 85' lang='lat' dir='ltr'>de</span> <span class='ocrx_word' id='word_1_212' title='bbox 1095 3102 1338 3168; x_wconf 77' lang='lat' dir='ltr'>preuves</span> <span class='ocrx_word' id='word_1_213' title='bbox 1356 3096 1401 3149; x_wconf 85' lang='lat' dir='ltr'><em>d</em></span> <span class='ocrx_word' id='word_1_214' title='bbox 1412 3096 1506 3149; x_wconf 81' lang='lat' dir='ltr'>’un</span> <span class='ocrx_word' id='word_1_215' title='bbox 1533 3111 1740 3149; x_wconf 74' lang='lat' dir='ltr'>amour</span> <span class='ocrx_word' id='word_1_216' title='bbox 1810 3105 2006 3170; x_wconf 83' lang='lat' dir='ltr'>putet,</span> <span class='ocrx_word' id='word_1_217' title='bbox 2050 3097 2367 3150; x_wconf 81' lang='lat' dir='ltr'>amatorios</span> <span class='ocrx_word' id='word_1_218' title='bbox 2402 3094 2704 3172; x_wconf 36' lang='lat' dir='ltr'>scrip-tores</span> <span class='ocrx_word' id='word_1_219' title='bbox 2735 3096 3028 3166; x_wconf 77' lang='lat' dir='ltr'>perlegere</span> 
     </span>
    </p>
   </div>
   <div class='ocr_carea' id='block_1_11' title="bbox 525 3178 1738 3812">
    <p class='ocr_par' dir='ltr' id='par_1_11' title="bbox 525 3178 1738 3812">
     <span class='ocr_line' id='line_1_27' title="bbox 536 3178 1737 3252; baseline 0 -22"><span class='ocrx_word' id='word_1_220' title='bbox 536 3178 726 3231; x_wconf 74' lang='lat' dir='ltr'>elta-ste</span> <span class='ocrx_word' id='word_1_221' title='bbox 767 3178 916 3249; x_wconf 84' lang='lat' dir='ltr'>qu’il</span> <span class='ocrx_word' id='word_1_222' title='bbox 943 3179 1069 3231; x_wconf 88' lang='lat' dir='ltr'>n&#39;en</span> <span class='ocrx_word' id='word_1_223' title='bbox 1093 3179 1370 3252; x_wconf 72' lang='lat' dir='ltr'>faudrait</span> <span class='ocrx_word' id='word_1_224' title='bbox 1396 3196 1548 3251; x_wconf 82' lang='lat' dir='ltr'>pour</span> <span class='ocrx_word' id='word_1_225' title='bbox 1577 3178 1737 3231; x_wconf 79' lang='lat' dir='ltr'>illus-</span> 
     </span>
     <span class='ocr_line' id='line_1_28' title="bbox 535 3259 1737 3333; baseline 0.002 -21"><span class='ocrx_word' id='word_1_226' title='bbox 535 3269 654 3312; x_wconf 87' lang='lat' dir='ltr'>trer</span> <span class='ocrx_word' id='word_1_227' title='bbox 694 3259 805 3313; x_wconf 76' lang='lat' dir='ltr'>dia:</span> <span class='ocrx_word' id='word_1_228' title='bbox 843 3261 1006 3313; x_wconf 85' lang='lat' dir='ltr'>mille</span> <span class='ocrx_word' id='word_1_229' title='bbox 1039 3266 1247 3333; x_wconf 73' lang='lat' dir='ltr'>epoux.</span> <span class='ocrx_word' id='word_1_230' title='bbox 1322 3261 1385 3313; x_wconf 87' lang='lat' dir='ltr'>Il</span> <span class='ocrx_word' id='word_1_231' title='bbox 1414 3260 1501 3331; x_wconf 53' lang='lat' dir='ltr'>sjr</span> <span class='ocrx_word' id='word_1_232' title='bbox 1540 3270 1737 3314; x_wconf 79' lang='lat' dir='ltr'>trouve</span> 
     </span>
     <span class='ocr_line' id='line_1_29' title="bbox 528 3341 1733 3416; baseline 0 -21"><span class='ocrx_word' id='word_1_233' title='bbox 528 3351 821 3414; x_wconf 80' lang='lat' dir='ltr'>pourtant·</span> <span class='ocrx_word' id='word_1_234' title='bbox 848 3344 1116 3416; x_wconf 78' lang='lat' dir='ltr'>quelques</span> <span class='ocrx_word' id='word_1_235' title='bbox 1151 3341 1422 3413; x_wconf 78' lang='lat' dir='ltr'>episodes‚</span> <span class='ocrx_word' id='word_1_236' title='bbox 1465 3362 1537 3396; x_wconf 83' lang='lat' dir='ltr'>ou</span> <span class='ocrx_word' id='word_1_237' title='bbox 1580 3342 1733 3415; x_wconf 85' lang='lat' dir='ltr'>quel-</span> 
     </span>
     <span class='ocr_line' id='line_1_30' title="bbox 537 3424 1737 3497; baseline 0 -20"><span class='ocrx_word' id='word_1_238' title='bbox 537 3443 673 3497; x_wconf 77' lang='lat' dir='ltr'>ques</span> <span class='ocrx_word' id='word_1_239' title='bbox 708 3425 1020 3479; x_wconf 76' lang='lat' dir='ltr'>situations</span> <span class='ocrx_word' id='word_1_240' title='bbox 1063 3426 1160 3497; x_wconf 83' lang='lat' dir='ltr'>qui</span> <span class='ocrx_word' id='word_1_241' title='bbox 1197 3435 1299 3479; x_wconf 83' lang='lat' dir='ltr'>ont</span> <span class='ocrx_word' id='word_1_242' title='bbox 1337 3424 1527 3478; x_wconf 85' lang='lat' dir='ltr'>besoin</span> <span class='ocrx_word' id='word_1_243' title='bbox 1559 3425 1630 3477; x_wconf 85' lang='lat' dir='ltr'>de</span> <span class='ocrx_word' id='word_1_244' title='bbox 1677 3425 1737 3477; x_wconf 86' lang='lat' dir='ltr'>la</span> 
     </span>
     <span class='ocr_line' id='line_1_31' title="bbox 536 3507 1738 3580; baseline 0.002 -21"><span class='ocrx_word' id='word_1_245' title='bbox 536 3508 814 3561; x_wconf 82' lang='lat' dir='ltr'>modestie</span> <span class='ocrx_word' id='word_1_246' title='bbox 852 3508 1087 3580; x_wconf 79' lang='lat' dir='ltr'>antique</span> <span class='ocrx_word' id='word_1_247' title='bbox 1113 3508 1183 3560; x_wconf 85' lang='lat' dir='ltr'>de</span> <span class='ocrx_word' id='word_1_248' title='bbox 1209 3527 1271 3560; x_wconf 85' lang='lat' dir='ltr'>ce</span> <span class='ocrx_word' id='word_1_249' title='bbox 1304 3507 1552 3579; x_wconf 76' lang='lat' dir='ltr'>Iangage</span> <span class='ocrx_word' id='word_1_250' title='bbox 1596 3508 1738 3561; x_wconf 79' lang='lat' dir='ltr'>Grec</span> 
     </span>
     <span class='ocr_line' id='line_1_32' title="bbox 525 3586 1733 3663; baseline 0.001 -21"><span class='ocrx_word' id='word_1_251' title='bbox 525 3608 677 3663; x_wconf 83' lang='lat' dir='ltr'>pour</span> <span class='ocrx_word' id='word_1_252' title='bbox 706 3586 968 3662; x_wconf 73' lang='lat' dir='ltr'>paroitre</span> <span class='ocrx_word' id='word_1_253' title='bbox 998 3589 1207 3644; x_wconf 81' lang='lat' dir='ltr'>devant</span> <span class='ocrx_word' id='word_1_254' title='bbox 1240 3591 1339 3643; x_wconf 80' lang='lat' dir='ltr'>des</span> <span class='ocrx_word' id='word_1_255' title='bbox 1372 3592 1611 3644; x_wconf 82' lang='lat' dir='ltr'>leeteurs</span> <span class='ocrx_word' id='word_1_256' title='bbox 1645 3599 1733 3643; x_wconf 81' lang='lat' dir='ltr'>at-</span> 
     </span>
     <span class='ocr_line' id='line_1_33' title="bbox 532 3671 1733 3746; baseline 0.001 -20"><span class='ocrx_word' id='word_1_257' title='bbox 532 3672 732 3746; x_wconf 64' lang='lat' dir='ltr'>tentis}</span> <span class='ocrx_word' id='word_1_258' title='bbox 765 3681 824 3725; x_wconf 86' lang='lat' dir='ltr'>et</span> <span class='ocrx_word' id='word_1_259' title='bbox 864 3673 1121 3727; x_wconf 65' lang='lat' dir='ltr'>delicat-t.</span> <span class='ocrx_word' id='word_1_260' title='bbox 1171 3671 1320 3726; x_wconf 84' lang='lat' dir='ltr'>C’est</span> <span class='ocrx_word' id='word_1_261' title='bbox 1355 3691 1482 3727; x_wconf 72' lang='lat' dir='ltr'>aaa:</span> <span class='ocrx_word' id='word_1_262' title='bbox 1505 3672 1733 3727; x_wconf 78' lang='lat' dir='ltr'>traduc·</span> 
     </span>
     <span class='ocr_line' id='line_1_34' title="bbox 532 3754 1733 3812; baseline 0.001 -4"><span class='ocrx_word' id='word_1_263' title='bbox 532 3763 688 3808; x_wconf 84' lang='lat' dir='ltr'>teurs</span> <span class='ocrx_word' id='word_1_264' title='bbox 734 3756 772 3806; x_wconf 80' lang='grc' dir='ltr'><em>ὰ</em></span> <span class='ocrx_word' id='word_1_265' title='bbox 810 3773 1066 3809; x_wconf 78' lang='lat' dir='ltr'>nuaneer</span> <span class='ocrx_word' id='word_1_266' title='bbox 1121 3754 1467 3812; x_wconf 77' lang='lat' dir='ltr'>habilement</span> <span class='ocrx_word' id='word_1_267' title='bbox 1507 3772 1598 3809; x_wconf 84' lang='lat' dir='ltr'>ees</span> <span class='ocrx_word' id='word_1_268' title='bbox 1638 3774 1733 3809; x_wconf 82' lang='lat' dir='ltr'>en·</span> 
     </span>
    </p>
   </div>
   <div class='ocr_carea' id='block_1_12' title="bbox 364 3837 1735 3912">
    <p class='ocr_par' dir='ltr' id='par_1_12' title="bbox 364 3837 1735 3912">
     <span class='ocr_line' id='line_1_35' title="bbox 364 3837 1735 3912; baseline 0.001 -22"><span class='ocrx_word' id='word_1_269' title='bbox 364 3893 373 3900; x_wconf 71' lang='grc'><strong><em>,</em></strong></span> <span class='ocrx_word' id='word_1_270' title='bbox 428 3875 433 3880; x_wconf 96' lang='grc'>-</span> <span class='ocrx_word' id='word_1_271' title='bbox 531 3837 714 3891; x_wconf 80' lang='lat' dir='ltr'>droits</span> <span class='ocrx_word' id='word_1_272' title='bbox 770 3838 872 3910; x_wconf 80' lang='lat' dir='ltr'>qui</span> <span class='ocrx_word' id='word_1_273' title='bbox 914 3847 1047 3891; x_wconf 85' lang='lat' dir='ltr'>sont</span> <span class='ocrx_word' id='word_1_274' title='bbox 1085 3840 1251 3912; x_wconf 64' lang='lat' dir='ltr'>apres</span> <span class='ocrx_word' id='word_1_275' title='bbox 1287 3848 1418 3893; x_wconf 86' lang='lat' dir='ltr'>tout</span> <span class='ocrx_word' id='word_1_276' title='bbox 1468 3858 1537 3893; x_wconf 88' lang='lat' dir='ltr'>en</span> <span class='ocrx_word' id='word_1_277' title='bbox 1580 3839 1735 3912; x_wconf 85' lang='lat' dir='ltr'>petit</span> 
     </span>
    </p>
   </div>
   <div class='ocr_carea' id='block_1_13' title="bbox 528 3918 1732 4064">
    <p class='ocr_par' dir='ltr' id='par_1_13' title="bbox 528 3918 1732 4064">
     <span class='ocr_line' id='line_1_36' title="bbox 528 3918 1732 3995; baseline 0.002 -22"><span class='ocrx_word' id='word_1_278' title='bbox 528 3918 776 3986; x_wconf 80' lang='lat' dir='ltr'>nombre,</span> <span class='ocrx_word' id='word_1_279' title='bbox 819 3928 879 3973; x_wconf 89' lang='lat' dir='ltr'>et</span> <span class='ocrx_word' id='word_1_280' title='bbox 913 3921 1013 3994; x_wconf 84' lang='lat' dir='ltr'>qui</span> <span class='ocrx_word' id='word_1_281' title='bbox 1052 3939 1123 3975; x_wconf 85' lang='lat' dir='ltr'>ne</span> <span class='ocrx_word' id='word_1_282' title='bbox 1165 3923 1415 3976; x_wconf 66' lang='lat' dir='ltr'>decelent</span> <span class='ocrx_word' id='word_1_283' title='bbox 1450 3923 1622 3995; x_wconf 83' lang='lat' dir='ltr'>point</span> <span class='ocrx_word' id='word_1_284' title='bbox 1652 3921 1732 3976; x_wconf 81' lang='lat' dir='ltr'>un</span> 
     </span>
     <span class='ocr_line' id='line_1_37' title="bbox 531 4002 1732 4064; baseline 0.007 -10"><span class='ocrx_word' id='word_1_285' title='bbox 531 4012 736 4057; x_wconf 79' lang='lat' dir='ltr'>auteur</span> <span class='ocrx_word' id='word_1_286' title='bbox 774 4002 1019 4060; x_wconf 81' lang='lat' dir='ltr'>libertia.</span> <span class='ocrx_word' id='word_1_287' title='bbox 1104 4003 1321 4059; x_wconf 72' lang='lat' dir='ltr'>idcireo</span> <span class='ocrx_word' id='word_1_288' title='bbox 1372 4009 1732 4064; x_wconf 77' lang='lat' dir='ltr'>excusatione.</span> 
     </span>
    </p>
   </div>
   <div class='ocr_carea' id='block_1_14' title="bbox 1818 3177 3095 3911">
    <p class='ocr_par' dir='ltr' id='par_1_14' title="bbox 1818 3177 3095 3646">
     <span class='ocr_line' id='line_1_38' title="bbox 1819 3177 3023 3251; baseline -0.001 -20"><span class='ocrx_word' id='word_1_289' title='bbox 1819 3178 2188 3251; x_wconf 76' lang='lat' dir='ltr'>antiquitatis</span> <span class='ocrx_word' id='word_1_290' title='bbox 2218 3188 2323 3233; x_wconf 85' lang='lat' dir='ltr'>aut</span> <span class='ocrx_word' id='word_1_291' title='bbox 2344 3177 2660 3249; x_wconf 72' lang='lat' dir='ltr'>elegantiae</span> <span class='ocrx_word' id='word_1_292' title='bbox 2688 3193 3023 3248; x_wconf 77' lang='lat' dir='ltr'>cognoscen-</span> 
     </span>
     <span class='ocr_line' id='line_1_39' title="bbox 1821 3260 3026 3336; baseline -0.002 -22"><span class='ocrx_word' id='word_1_293' title='bbox 1821 3260 1928 3314; x_wconf 83' lang='lat' dir='ltr'>dae</span> <span class='ocrx_word' id='word_1_294' title='bbox 1964 3279 2186 3316; x_wconf 81' lang='lat' dir='ltr'>caussa.</span> <span class='ocrx_word' id='word_1_295' title='bbox 2280 3262 2409 3332; x_wconf 78' lang='lat' dir='ltr'>Qua</span> <span class='ocrx_word' id='word_1_296' title='bbox 2439 3260 2514 3336; x_wconf 65' lang='lat' dir='ltr'>(Ie</span> <span class='ocrx_word' id='word_1_297' title='bbox 2559 3277 2624 3312; x_wconf 90' lang='lat' dir='ltr'>re</span> <span class='ocrx_word' id='word_1_298' title='bbox 2658 3260 2899 3333; x_wconf 70' lang='lat' dir='ltr'>flustra</span> <span class='ocrx_word' id='word_1_299' title='bbox 2930 3278 3026 3312; x_wconf 84' lang='lat' dir='ltr'>me</span> 
     </span>
     <span class='ocr_line' id='line_1_40' title="bbox 1819 3331 3095 3419; baseline 0 -23"><span class='ocrx_word' id='word_1_300' title='bbox 1819 3342 1986 3398; x_wconf 83' lang='lat' dir='ltr'>verba</span> <span class='ocrx_word' id='word_1_301' title='bbox 1998 3345 2199 3419; x_wconf 83' lang='lat' dir='ltr'>facere</span> <span class='ocrx_word' id='word_1_302' title='bbox 2221 3331 2498 3398; x_wconf 67' lang='lat' dir='ltr'>existimo</span> <span class='ocrx_word' id='word_1_303' title='bbox 2521 3381 2539 3406; x_wconf 85' lang='lat'>‚</span> <span class='ocrx_word' id='word_1_304' title='bbox 2572 3335 2747 3414; x_wconf 52' lang='lat' dir='ltr'>qiam</span> <span class='ocrx_word' id='word_1_305' title='bbox 2780 3361 2847 3394; x_wconf 88' lang='lat' dir='ltr'>ea</span> <span class='ocrx_word' id='word_1_306' title='bbox 2880 3360 3026 3415; x_wconf 82' lang='lat' dir='ltr'>quae</span> <span class='ocrx_word' id='word_1_307' title='bbox 3071 3349 3095 3360; x_wconf 63' lang='lat'>⁵</span> 
     </span>
     <span class='ocr_line' id='line_1_41' title="bbox 1819 3423 3022 3500; baseline 0 -22"><span class='ocrx_word' id='word_1_308' title='bbox 1819 3426 1890 3479; x_wconf 84' lang='lat' dir='ltr'>de</span> <span class='ocrx_word' id='word_1_309' title='bbox 1922 3427 2028 3481; x_wconf 72' lang='lat' dir='ltr'>hoe</span> <span class='ocrx_word' id='word_1_310' title='bbox 2051 3427 2428 3500; x_wconf 76' lang='lat' dir='ltr'>Xenophonte</span> <span class='ocrx_word' id='word_1_311' title='bbox 2460 3426 2733 3477; x_wconf 75' lang='lat' dir='ltr'>haetenus</span> <span class='ocrx_word' id='word_1_312' title='bbox 2767 3423 3022 3478; x_wconf 76' lang='lat' dir='ltr'>observa-</span> 
     </span>
     <span class='ocr_line' id='line_1_42' title="bbox 1818 3507 3029 3579; baseline 0 -18"><span class='ocrx_word' id='word_1_313' title='bbox 1818 3509 1900 3575; x_wconf 87' lang='lat' dir='ltr'>vi,</span> <span class='ocrx_word' id='word_1_314' title='bbox 1942 3511 2087 3563; x_wconf 77' lang='lat' dir='ltr'>satis</span> <span class='ocrx_word' id='word_1_315' title='bbox 2123 3510 2532 3573; x_wconf 80' lang='lat' dir='ltr'>demonstrent,</span> <span class='ocrx_word' id='word_1_316' title='bbox 2569 3524 2680 3579; x_wconf 79' lang='lat' dir='ltr'>quo</span> <span class='ocrx_word' id='word_1_317' title='bbox 2716 3507 2910 3560; x_wconf 82' lang='lat' dir='ltr'>animo</span> <span class='ocrx_word' id='word_1_318' title='bbox 2944 3508 3029 3561; x_wconf 74' lang='lat' dir='ltr'>ad</span> 
     </span>
     <span class='ocr_line' id='line_1_43' title="bbox 1819 3590 2784 3646; baseline -0.001 -2"><span class='ocrx_word' id='word_1_319' title='bbox 1819 3609 1952 3645; x_wconf 84' lang='lat' dir='ltr'>eum</span> <span class='ocrx_word' id='word_1_320' title='bbox 1982 3592 2394 3646; x_wconf 81' lang='lat' dir='ltr'>illustrandum</span> <span class='ocrx_word' id='word_1_321' title='bbox 2435 3590 2784 3644; x_wconf 79' lang='lat' dir='ltr'>accesserim.</span> 
     </span>
    </p>

    <p class='ocr_par' dir='ltr' id='par_1_15' title="bbox 1818 3671 3021 3911">
     <span class='ocr_line' id='line_1_44' title="bbox 1907 3671 3021 3749; baseline -0.003 -21"><span class='ocrx_word' id='word_1_322' title='bbox 1907 3692 2004 3746; x_wconf 77' lang='lat'>⁹9·</span> <span class='ocrx_word' id='word_1_323' title='bbox 2047 3676 2263 3749; x_wconf 65' lang='lat' dir='ltr'>Primus</span> <span class='ocrx_word' id='word_1_324' title='bbox 2314 3674 2474 3728; x_wconf 79' lang='lat' dir='ltr'>huius</span> <span class='ocrx_word' id='word_1_325' title='bbox 2509 3671 2718 3727; x_wconf 82' lang='lat' dir='ltr'>eodieis</span> <span class='ocrx_word' id='word_1_326' title='bbox 2767 3674 3021 3728; x_wconf 77' lang='lat' dir='ltr'>meminit</span> 
     </span>
     <span class='ocr_line' id='line_1_45' title="bbox 1818 3745 3015 3832; baseline -0.003 -21"><span class='ocrx_word' id='word_1_327' title='bbox 1818 3757 2202 3832; x_wconf 63' lang='lat' dir='ltr'>Monffaucon</span> <span class='ocrx_word' id='word_1_328' title='bbox 2227 3745 2389 3812; x_wconf 69' lang='lat' dir='ltr'>Dia&#39;r.</span> <span class='ocrx_word' id='word_1_329' title='bbox 2407 3756 2534 3811; x_wconf 77' lang='lat' dir='ltr'>Ital.</span> <span class='ocrx_word' id='word_1_330' title='bbox 2556 3757 2761 3828; x_wconf 80' lang='lat' dir='ltr'>p.365.</span> <span class='ocrx_word' id='word_1_331' title='bbox 2808 3754 2901 3807; x_wconf 86' lang='lat' dir='ltr'>De</span> <span class='ocrx_word' id='word_1_332' title='bbox 2919 3771 3015 3807; x_wconf 83' lang='lat' dir='ltr'>eo·</span> 
     </span>
     <span class='ocr_line' id='line_1_46' title="bbox 1818 3835 3017 3911; baseline -0.003 -18"><span class='ocrx_word' id='word_1_333' title='bbox 1818 3837 1946 3904; x_wconf 76' lang='lat' dir='ltr'>dem</span> <span class='ocrx_word' id='word_1_334' title='bbox 1984 3840 2229 3896; x_wconf 81' lang='lat' dir='ltr'>breviter</span> <span class='ocrx_word' id='word_1_335' title='bbox 2247 3840 2534 3895; x_wconf 80' lang='lat' dir='ltr'>Salvinius</span> <span class='ocrx_word' id='word_1_336' title='bbox 2565 3840 2625 3890; x_wconf 86' lang='lat' dir='ltr'>in</span> <span class='ocrx_word' id='word_1_337' title='bbox 2659 3835 3017 3911; x_wconf 75' lang='lat' dir='ltr'>praefatione</span> 
     </span>
    </p>
   </div>
   <div class='ocr_carea' id='block_1_15' title="bbox 1802 3911 3016 3993">
    <p class='ocr_par' dir='ltr' id='par_1_16' title="bbox 1802 3911 3016 3993">
     <span class='ocr_line' id='line_1_47' title="bbox 1802 3911 3016 3993; baseline -0.01 -11"><span class='ocrx_word' id='word_1_338' title='bbox 1802 3923 1918 3981; x_wconf 56' lang='lat' dir='ltr'>&#39;wa</span> <span class='ocrx_word' id='word_1_339' title='bbox 1950 3926 2031 3976; x_wconf 79' lang='lat' dir='ltr'>ita</span> <span class='ocrx_word' id='word_1_340' title='bbox 2069 3924 2291 3978; x_wconf 79' lang='lat' dir='ltr'>scribit:</span> <span class='ocrx_word' id='word_1_341' title='bbox 2344 3923 2556 3993; x_wconf 78' lang='lat' dir='ltr'>Questo</span> <span class='ocrx_word' id='word_1_342' title='bbox 2575 3911 2899 3992; x_wconf 73' lang='lat' dir='ltr'>Seanotite,</span> <span class='ocrx_word' id='word_1_343' title='bbox 2924 3919 3016 3971; x_wconf 65' lang='lat' dir='ltr'>cli-v</span> 
     </span>
    </p>
   </div>
   <div class='ocr_carea' id='block_1_16' title="bbox 1814 4000 3098 4080">
    <p class='ocr_par' dir='ltr' id='par_1_17' title="bbox 1814 4000 3098 4080">
     <span class='ocr_line' id='line_1_48' title="bbox 1814 4000 3098 4080; baseline -0.011 -16"><span class='ocrx_word' id='word_1_344' title='bbox 1814 4023 1879 4059; x_wconf 75' lang='lat' dir='ltr'>co</span> <span class='ocrx_word' id='word_1_345' title='bbox 1896 4044 1915 4070; x_wconf 85' lang='lat'><strong>,</strong></span> <span class='ocrx_word' id='word_1_346' title='bbox 1968 4006 2031 4060; x_wconf 75' lang='lat' dir='ltr'>in</span> <span class='ocrx_word' id='word_1_347' title='bbox 2071 4006 2453 4060; x_wconf 75' lang='lat' dir='ltr'>minutissimi</span> <span class='ocrx_word' id='word_1_348' title='bbox 2486 4004 2572 4068; x_wconf 84' lang='lat' dir='ltr'>si,</span> <span class='ocrx_word' id='word_1_349' title='bbox 2615 4019 2715 4053; x_wconf 87' lang='lat' dir='ltr'>ma</span> <span class='ocrx_word' id='word_1_350' title='bbox 2749 4000 2855 4054; x_wconf 77' lang='lat' dir='ltr'>ben</span> <span class='ocrx_word' id='word_1_351' title='bbox 2886 4001 3010 4054; x_wconf 77' lang='lat' dir='ltr'>din-</span> <span class='ocrx_word' id='word_1_352' title='bbox 3081 4071 3098 4080; x_wconf 39' lang='grc' dir='ltr'><strong><em>ο</em></strong></span> 
     </span>
    </p>
   </div>
   <div class='ocr_carea' id='block_1_17' title="bbox 532 4083 3014 4162">
    <p class='ocr_par' dir='ltr' id='par_1_18' title="bbox 532 4083 3014 4162">
     <span class='ocr_line' id='line_1_49' title="bbox 532 4083 3014 4162; baseline -0.002 -21"><span class='ocrx_word' id='word_1_353' title='bbox 532 4085 772 4157; x_wconf 78' lang='lat' dir='ltr'>quadam</span> <span class='ocrx_word' id='word_1_354' title='bbox 822 4104 1030 4162; x_wconf 77' lang='lat' dir='ltr'>operae</span> <span class='ocrx_word' id='word_1_355' title='bbox 1075 4090 1133 4144; x_wconf 84' lang='lat' dir='ltr'>in</span> <span class='ocrx_word' id='word_1_356' title='bbox 1154 4088 1556 4161; x_wconf 72' lang='lat' dir='ltr'>‘Xenophonte</span> <span class='ocrx_word' id='word_1_357' title='bbox 1599 4090 1726 4144; x_wconf 79' lang='lat' dir='ltr'>illu·</span> <span class='ocrx_word' id='word_1_358' title='bbox 1810 4088 2035 4147; x_wconf 75' lang='lat' dir='ltr'>tornati</span> <span class='ocrx_word' id='word_1_359' title='bbox 2064 4089 2337 4146; x_wconf 81' lang='lat' dir='ltr'>caratteri</span> <span class='ocrx_word' id='word_1_360' title='bbox 2351 4105 2458 4159; x_wconf 84' lang='lat' dir='ltr'>per</span> <span class='ocrx_word' id='word_1_361' title='bbox 2487 4083 2819 4141; x_wconf 62' lang='lat' dir='ltr'>l’anttchita</span> <span class='ocrx_word' id='word_1_362' title='bbox 2837 4083 3014 4158; x_wconf 68' lang='lat' dir='ltr'>giam</span> 
     </span>
    </p>
   </div>
  </div>
 </body>
</html>
