3969 5126
942 497 1779 566 XENOPHONT.
1909 489 2627 569 ΕειιιιεινΜ,
2904 515 3026 584 235

538 648 590 681 v.
618 643 708 680 ι2.
752 627 948 681 Nihilo
985 629 1163 680 secius
1194 629 1413 681 servavi
1449 626 1711 700 copulam
1744 637 2050 701 propterea
2084 625 2239 699 quod
2276 645 2347 682 ea
2376 625 2513 682 mihi
2545 629 2842 685 videbatur
2875 649 3031 685 eom·

538 709 711 766 mode
747 722 893 764 stare
936 727 1001 762 ae
1030 710 1172 763 verti
1206 725 1369 779 posse
1405 709 1596 762 simul.

729 787 796 852 P.
820 803 921 869 70.
939 804 1003 851 V.
1029 800 1126 850 12.
1147 784 1277 852 τότε
1307 782 1438 865 μὲν]
1487 792 1763 846 voluerat
1787 787 2129 845 Abresahius
2161 790 2326 846 scribi
2363 781 2492 848 τότε
2522 782 2621 859 μὲν
2649 811 2760 859 ουν,
2783 791 2886 848 sed
2920 812 3025 868 po·

532 886 656 929 stea
688 879 749 929 in
779 877 931 929 Leet.
950 877 1225 931 Aristaeo.
1244 896 1300 949 p.
1327 891 1458 942 ¹4²·
1488 877 1730 971 ingenue
1759 874 1934 928 fassus
1967 886 2050 928 est
2083 874 2282 928 frustra
2319 893 2380 929 se
2409 878 2592 931 locum
2629 877 2984 932 sollicitasse.

725 951 794 1017 P.
812 967 914 1033 70.
932 969 995 1017 v.
1021 966 1119 1033 13.
1145 946 1714 1052 ἴν1οια-ἕιςηρχετο]
1774 958 1888 1012 Ut
1873 975 1931 1011 m
1950 957 2175 1028 Ηείἰρά.
2194 959 2291 1011 lib.
2295 959 2401 1011 IV.
2423 977 2483 1032 p.
2469 971 2626 1028 .ι78.
2648 960 3024 1015 ABRESCH.

530 1040 602 1093 In
628 1041 878 1096 Vindob.
913 1041 1007 1100 ed.
1048 1043 1196 1103 male
1231 1059 1496 1096 excusum
1528 1053 1613 1095 est
1645 1030 2010 1112 Αβροκόμου.
2096 1034 2246 1095 Mox
2275 1057 2439 1113 aegre
2472 1060 2561 1096 me
2598 1046 2845 1098 continui
2886 1047 3027 1114 quin

533 1123 827 1176 articulum
861 1119 964 1190 τῆς
996 1134 1126 1178 ante
1156 1114 1384 1189 A’rse‘oef
1419 1128 1740 1188 insererem,
1762 1140 1929 1196 quem
1960 1124 2020 1177 b.
2040 1123 2082 1178 l.
2117 1140 2299 1196 aeque
2334 1141 2402 1178 ao
2444 1127 2501 1179 in
2534 1126 2663 1181 aliis
2687 1125 3027 1198 quibusdam

510 1205 812 1259 ‘excidisse
843 1209 961 1259 veri
1005 1209 1189 1261 simile
1227 1220 1329 1262 est.

724 1281 794 1347 P.
818 1298 917 1364 70.
938 1300 1001 1347 V.
1029 1298 1127 1363 14.
1158 1279 1460 1361 ἇπωλείας]
1509 1287 1961 1353 praemissione,
1996 1287 2341 1360 perditione.
2384 1288 2474 1343 Sic
2514 1308 2573 1362 p.
2592 1294 2691 1355 68.
2712 1312 2764 1347 v.
2792 1309 2847 1357 7.
2873 1303 2929 1345 et
2962 1295 3026 1345 in
3109 1275 3116 1280 ¹

533 1371 740 1423 Marco
775 1373 939 1426 xlv.
966 1387 1025 1437 4.
1058 1373 1151 1425 ubi
1189 1373 1441 1444 vulgatus
1474 1369 1811 1444 reprehendi
1853 1385 1971 1424 non
2013 1381 2305 1426 meruerat.
2365 1370 2604 1428 Luc-ian.
2648 1377 2706 1427 in
2745 1374 2928 1428 Asino
2962 1393 3027 1447 Ρ.

543 1474 567 1508 ι
581 1471 677 1526 52
699 1472 802 1507 nee
839 1471 952 1507 non
986 1454 1223 1546 Longus
1256 1455 1355 1509 lib.
1376 1457 1424 1509 1.
1445 1474 1500 1528 Ρ.
1520 1473 1579 1525 5.
1608 1454 1860 1507 Glossar.
1889 1452 2018 1508 Vct.
2039 1441 2303 1517 circnma,
2338 1454 2613 1525 perditio.
2650 1456 3024 1511 ABRESCH.

724 1529 793 1595 P.
814 1546 914 1611 70.
934 1548 998 1595 V.
1022 1544 1120 1611 15.
1157 1523 1396 1608 εκειντο]
1445 1538 1675 1606 Quum,
1717 1547 1778 1590 ut
1809 1535 1908 1590 alii
1943 1536 2243 1609 plerique,
2288 1539 2367 1589 sie
2403 1545 2457 1590 et
2495 1536 2703 1592 Noster
2741 1549 3025 1613 perpetuo
3095 1605 3114 1610 ἱ

532 1613 611 1689 τῷ
650 1623 826 1684 κεῖμαι
863 1619 1039 1673 addat
1065 1620 1292 1674 alterius
1318 1620 1476 1674 verbi
1512 1621 1895 1692 participium,
1937 1618 2031 1672 vel
2063 1637 2272 1676 nomen
2300 1618 2611 1694 quodpiam
2649 1621 2987 1675 adieetivum
3006 1660 3028 1688 ,

534 1700 684 1754 idem
718 1700 893 1754 videri
931 1712 1125 1775 posset
1154 1705 1435 1774 requirere
1464 1704 1622 1757 loeus
1657 1720 1965 1776 praesens,
2010 1739 2026 1756 .
2069 1740 2084 1755 .
2119 1741 2134 1757 .
2173 1720 2365 1757 verum
2412 1740 2427 1755 .
2474 1740 2490 1756 .
2538 1704 2861 1775 Ροζγαεηω
2898 1721 3026 1758 eum

530 1781 831 1836 Aristide.
877 1821 899 1838 .
940 1803 1041 1837 nos
1076 1785 1301 1850 docent,
1343 1790 1479 1839 eitra
1525 1801 1695 1838 omne
1729 1784 2194 1850 additamentum,
2230 1801 2391 1837 suam
2431 1786 2614 1839 verbis
2654 1797 2906 1841 constare
2947 1790 3032 1840 in-

530 1870 877 1940 tegritatem:
924 1867 1022 1921 ille
1053 1868 1153 1926 lib.
1161 1869 1326 1925 vlu.
1353 1884 1399 1922 o.
1427 1883 1524 1939 25.
1542 1885 1585 1921 s.
1611 1885 1659 1921 ι.
1695 1867 1786 1921 hic
1822 1868 1934 1922 To.
1949 1868 2000 1921 1.
2030 1885 2090 1948 Ρ.
2116 1880 2259 1938 538.
2305 1867 2680 1924 ABRESCH.

723 2023 792 2089 P.
813 2039 912 2106 71.
934 2041 1000 2090 V.
1022 2039 1081 2091 1.
1112 2049 1186 2095 ως
1232 2018 1300 2100 δη
1329 2047 1473 2094 τινος·
1496 2015 1749 2125 χρῇξων]
1793 2029 1864 2086 Id
1891 2042 1972 2084 est
2005 2048 2143 2085 κατα
2185 2046 2240 2092 τι
2273 2018 2485 2125 χρέος,
2526 2043 2589 2086 ιιι
2624 2032 2871 2104 loquitur
2911 2032 3030 2086 Lu-

536 2112 733 2167 cienus
764 2114 836 2168 de
871 2114 1009 2169 Salt.
1045 2134 1103 2188 p.
1125 2130 1264 2184 940·
1298 2114 1392 2168 vel
1440 2105 1703 2184 πρόφασιν
1738 2132 2097 2182 ποιησαιιενος
2129 2128 2228 2178 τῃ
2260 2100 2523 2207 ναστέρα,
2548 2126 2608 2168 ut
2643 2114 2855 2169 Achill.
2890 2115 3017 2171 Tat.

533 2196 632 2250 lib.
648 2199 722 2252 V.
753 2216 812 2269 p.
842 2209 983 2268 289.
1019 2209 1119 2252 aut
1145 2197 1433 2269 quomodo
1472 2214 1529 2268 p.
1550 2216 1695 2268 3⁰23·
1733 2188 2082 2264 σκηψάῶιιενο
2118 2190 2254 2255 νοῦ1
2309 2184 2409 2251 s’m‘
2439 2215 2554 2290 τινα,
2577 2195 2684 2253 τῶν
2733 2185 2874 2252 κατὰ
2928 2215 3028 2266 την

534 2268 776 2373 γαστέρα
809 2269 1057 2350 ε’πςιγειν.
1095 2318 1110 2333 .
1150 2279 1565 2335 .ABRESCH.
1734 2265 2170 2333 Usitatissimum
2207 2295 2375 2350 porro
2408 2290 2491 2333 est
2528 2268 2622 2334 ἔπι
2656 2298 2727 2334 τοι
2760 2268 3027 2340 ἆνοιγκοιῒσι

533 2351 857 2433 ἇποχωρεῒν,
888 2353 1097 2418 ἐπιέναι
1128 2373 1230 2418 ete.
1277 2365 1490 2418 Verum
1516 2375 1705 2418 tamen
1730 2362 1801 2417 de
1844 2374 2078 2416 naturae
2109 2361 2526 2416 necessitatibus
2564 2363 2872 2436 intelligere
2911 2362 3028 2418 No-

535 2445 647 2498 stri
677 2444 865 2497 locum
903 2445 1044 2500 nihil
1079 2444 1316 2510 suadet,
1364 2456 1421 2499 et
1450 2444 1609 2536 apud
1642 2444 1966 2498 Luc-ionum
2002 2444 2056 2500 d.
2085 2445 2123 2498 l.
2166 2445 2359 2498 omnia
2385 2456 2598 2500 vetant.

728 2520 796 2586 P.
818 2537 921 2604 71.
930 2538 1007 2587 V.
1029 2536 1090 2604 3.
1107 2546 1229 2599 m
1254 2545 1388 2594 τους
1419 2516 1664 2600 λῃστὰς]
1715 2528 1821 2582 Vel
1854 2528 2027 2601 plane
2066 2543 2471 2600 supervacuum
2506 2539 2609 2593 est,
2653 2526 2744 2582 vel
2776 2525 3028 2581 defectus

534 2595 768 2666 alieuius
795 2611 1078 2665 iudicium.
1125 2612 1414 2667 HEMST.
1584 2612 1773 2679 Quam
1801 2620 2007 2669 eertum
2032 2610 2282 2664 defectus
2316 2608 2584 2664 indicium
2621 2610 2856 2683 praebet
2892 2628 3027 2664 eon-

537 2698 783 2751 iunetiva
813 2689 922 2760 καὶ,
964 2706 1079 2748 tam
1116 2704 1200 2748 est
1233 2699 1501 2749 incertum
1543 2693 1678 2766 quid
1714 2693 1871 2749 desit.
1929 2695 2259 2746 Proximum
2292 2692 2456 2746 fuerit
2491 2688 2580 2748 κατ’
2614 2689 2730 2765 περὶ
2761 2688 2866 2761 τῆς
2900 2681 3027 2748 Α’1-

535 2777 666 2843 θῖας
701 2796 756 2831 τι
784 2777 929 2833 vv&
916 2766 1091 2841 'cs-at,
1134 2772 1224 2831 καὶ
1255 2796 1310 2832 τ.
1346 2784 1512 2844 MUT-
1554 2789 1656 2831 eto.
1742 2778 1894 2845 Quin
1937 2780 2108 2830 etiam
2145 2775 2222 2830 ad
2257 2779 2552 2847 sequentia
2583 2774 2899 2830 attendenti
2929 2779 3013 2830 vi-

538 2861 658 2916 deri
698 2871 887 2934 posset
926 2849 1100 2914 πάντα
1154 2858 1549 2914 adverbialiter
1591 2862 1833 2933 positum
1877 2858 2309 2913 construendum
2370 2876 2494 2912 eum
2551 2846 3027 2926 καταλῆψεσθαι,

438 2939 457 2945 ‘
534 2945 761 3009 saltem,
802 2941 1131 2997 minimum.
1176 2943 1546 2999 ABRESCH.
1741 2943 1933 3009 Quum
1958 2942 2094 2995 dieit
2131 2942 2512 2995 Habroeomes
2545 2929 2739 3004 πάντα,
2761 2941 2866 2995 hoe
2883 2941 3024 3005 vult,

537 3030 777 3099 opinor,
819 3026 983 3079 simul
1018 3042 1142 3078 oum
1173 3014 1444 3091 ἐνταφίοις
1479 3041 1683 3097 eorpus
1717 3029 1886 3078 etiam
1922 3024 2217 3081 abstulisse
2260 3022 2526 3086 latrones,
2572 3022 2725 3094 quod
2762 3024 2903 3078 alias
2943 3022 3029 3076 fa-

534 3128 659 3164 eere
688 3126 807 3162 non
839 3107 1117 3162 solebant.
1160 3097 1315 3164 Πᾶντ
1387 3126 1489 3180 pro
1527 3106 1756 3170 saltem,
1798 3105 2129 3200 saluimum,
2173 3108 2316 3176 quis,
2361 3123 2594 3176 quaeso,
2639 3104 2937 3159 adhibuit?

726 3184 794 3251 Ρ.
818 3200 917 3267 71.
940 3203 1006 3250 V.
1027 3200 1087 3267 9.
1136 3208 1220 3254 εις
1254 3184 1480 3262 Αλεξ]
1527 3188 1596 3243 Id
1630 3201 1749 3254 est,
1790 3176 1846 3243 ἕν
1885 3178 2305 3262 Α’λεξανδρείᾳ,
2355 3205 2488 3241 nam
2528 3188 2810 3251 latrones,
2853 3199 3023 3262 post-

537 3292 708 3347 quam
746 3273 1154 3328 Alexandriam
1192 3271 1566 3345 adpulerunt,
1611 3271 1882 3325 Anthium
1934 3270 2016 3325 ibi
2049 3269 2391 3325 venumdare
2432 3273 2778 3323 constituisse
2833 3288 3025 3324 narra·

535 3372 653 3414 tum
689 3367 774 3412 est
812 3374 875 3431 p.
893 3358 992 3420 68.
1010 3376 1064 3410 v.
1084 3375 1140 3427 5.
1211 3355 1573 3428 Quamquam
1609 3373 1743 3409 vero
1781 3372 1957 3429 saepe
1991 3372 2225 3408 numero
2262 3351 2678 3407 admonuerunt
2705 3352 3026 3426 philologi,

530 3431 614 3507 εἰς
637 3442 776 3515 poni
808 3440 991 3495 solere
1024 3458 1128 3513 pro
1147 3425 1225 3503 ἕν,
1246 3451 1434 3493 tamen
1465 3444 1525 3492 in
1556 3437 1703 3493 huno
1737 3440 2031 3512 scopulum
2052 3456 2174 3492 sese
2207 3439 2501 3509 impegisse
2525 3436 2741 3490 videbis
2762 3453 3027 3510 magnum

538 3523 866 3587 ΗεηυισνΙι,
902 3526 962 3576 in
999 3521 1194 3576 adnot.
1231 3522 1307 3576 ad
1336 3541 1393 3596 p.
1415 3525 1514 3593 96.
1541 3541 1594 3577 v.
1622 3538 1717 3575 ιο.

727 3598 796 3664 Ρ.
818 3616 920 3681 71.
936 3616 1003 3664 V.
1024 3614 1084 3681 9.
1118 3593 1459 3682 παρέδωκαν]
1506 3605 1603 3658 Bis
1637 3622 1783 3658 nune
1803 3603 2031 3658 vendita
2065 3603 2168 3659 fuit
2192 3603 2437 3657 Anthia.
2484 3619 2616 3656 mox
2645 3603 2843 3656 iterum
2868 3620 3029 3676 v.15

535 3687 988 3754 venumdabitur,
1028 3706 1094 3742 ae
1122 3706 1334 3742 rursum
1371 3707 1429 3763 p.
1452 3706 1550 3758 97.
1570 3706 1621 3742 v.
1653 3706 1745 3742 io.
1790 3698 1845 3740 et
1881 3690 2134 3775 quintum
2173 3687 2414 3757 denique
2455 3704 2513 3759 Ρ.
2542 3688 2674 3739 106.
2698 3704 2751 3739 v.
2766 3703 2820 3737 ι-
2831 3701 2884 3739 2.

728 3764 796 3831 Ρ.
820 3781 986 3848 71.V
991 3779 1131 3846 .14.
1170 3760 1295 3845 ὅρςῖ]
1343 3773 1621 3824 Vitiosum
1656 3774 1715 3824 in
1760 3769 1890 3824 edd.
1923 3758 2052 3842 ὄρῶν
2087 3774 2165 3825 sie
2200 3771 2395 3842 corrigi
2429 3775 2663 3824 iusserat
2698 3767 3027 3825 Hemsterh.

542 3866 597 3912 οι
630 3873 764 3911 veto
797 3859 967 3910 etiam
999 3858 1078 3909 sic
1111 3854 1283 3911 habet
1318 3852 1459 3909 Cod.
1498 3853 1651 3908 Flor.

729 4010 798 4083 P.
820 4029 921 4115 72.
942 4032 1007 4083 V.
1031 4028 1089 4098 3.
1146 4008 1443 4094 σκῃπἹεται
1496 4007 1627 4094 πρός
1661 4036 1718 4081 τ.
1757 4005 1949 4088 Ψᾶμμ.
1970 4011 2002 4092 ]
2069 4020 2286 4078 Eadem
2340 4021 2786 4158 congr-untione
2790 4017 3024 4077 verbum

2530 4120 2565 4174 B
2610 4119 2639 4154 ²
2677 4134 2680 4139 ·

3066 2528 3186 2694 ἴ
3209 2485 3600 2749 :ffi-
3623 2451 3895 2621 ⁴177?
