3969 5126
990 608 1136 663 XV1

978 720 1267 804 nullius
1303 715 1591 797 coloris
1624 722 1828 810 ηονὶς
1875 748 2064 816 nam,
2107 727 2226 821 qui
2264 738 2454 801 esset
2486 708 2706 821 atque‘
2746 725 2934 799 unde
2980 726 3225 819 domo,
3263 753 3476 826 quae-

978 859 1141 909 rere
1174 858 1435 934 operae
1473 834 1783 932 pretium
1819 851 1962 903 non
2002 829 2272 924 putavi,
2297 850 2552 901 verum
2598 829 2654 898 is
2699 830 2870 900 mihi
2898 829 3240 919 hactenus
3293 833 3473 906 bene

977 938 1307 1036 cognitus
1353 952 1503 1026 est,
1561 949 1639 1006 ut
1691 957 1857 1006 eum
1898 929 2339 1005 confidenter
2397 931 2845 1001 teterrimum
2888 934 3153 1004 veteris
3211 931 3473 1008 Graeci

976 1041 1344 1137 scriptoris
1384 1039 1735 1112 editorem
1777 1035 2146 1108 nominare
2191 1034 2485 1131 possim.
2561 1034 2648 1105 Vt
2688 1032 3012 1129 pluribus
3070 1059 3212 1106 non
3266 1059 3471 1109 accu-

974 1167 1125 1216 sem
1168 1141 1499 1214 Graeculi
1539 1142 1737 1211 istius
1789 1137 2099 1234 imperiti
2147 1137 2472 1232 supinam
2511 1134 2921 1208 socordiam
2975 1137 3046 1207 in
3098 1138 3470 1237 inspicien-

968 1243 1060 1316 da
1111 1243 1363 1315 saltem
1406 1239 1984 1333 conferendaque
2028 1238 2348 1334 principe
2393 1234 2831 1319 Londinensi
2889 1237 3224 1330 editione,
3275 1240 3469 1336 quod

968 1348 1034 1429 ei
1091 1348 1160 1416 in
1220 1343 1665 1416 Bibliotheca
1722 1354 1969 1414 nostra
2028 1338 2381 1412 Caesarea
2426 1337 2632 1411 facile
2680 1338 3041 1426 licuisset3
3098 1356 3178 1410 ut
3245 1365 3468 1438 porro

965 1471 1114 1535 non
1159 1468 1754 1533 commemorem,
1812 1465 2028 1539 quam
2077 1440 2518 1538 negligenter
2561 1460 2630 1516 et
2681 1441 3164 1538 somniculose
3231 1445 3470 1519 omnia

966 1548 1120 1622 fere
1171 1540 1574 1641 σφάλματα
1621 1543 1961 1620 Lucensis
2003 1542 2359 1632 editionis,
2418 1544 2625 1614 novis
2665 1545 2882 1614 etiam
2941 1543 3321 1635 adiunctis,
3379 1546 3468 1619 ab

968 1674 1055 1721 eo
1101 1647 1365 1720 fuerint
1430 1663 1753 1736 servata;
1809 1664 1888 1718 ut
1930 1644 2238 1740 deniqne
2283 1660 2603 1734 taceam,
2662 1668 2829 1715 eum
2891 1646 2959 1714 in
3017 1646 3157 1716 hoc
3199 1650 3471 1742 pariter

964 1762 1333 1846 peccasse,
1391 1748 1608 1843 quod,
1667 1749 1788 1821 ubi
1829 1746 2208 1819 manifesto
2254 1769 2512 1832 veras,
2570 1759 2690 1816 aut
2750 1745 3003 1816 saltem
3035 1745 3243 1818 valde
3303 1773 3465 1845 pro·

962 1851 1239 1925 habiles
1305 1849 1651 1922 lectiones
1713 1851 1784 1921 in
1857 1851 2261 1920 orationem
2321 1845 2604 1937 intulit,
2661 1845 2903 1941 (quod
2946 1849 3010 1918 ei
3060 1847 3234 1920 alias
3275 1849 3469 1925 laudi

962 1954 1267 2043 fuisset)
1298 1950 1425 2042 id,
1483 1966 1698 2049 prout
1750 1948 2092 2024 Lucensis
2132 1948 2390 2039 editor,
2448 1972 2594 2020 non
2636 1946 3002 2020 admonito
3051 1948 3323 2022 lectore
3369 1951 3465 2024 fe-

963 2057 1184 2143 cerit3
1245 2069 1347 2144 ut,
1406 2054 1723 2150 inquam,
1781 2066 2040 2125 cuncta
2093 2053 2227 2124 ista
2267 2074 2453 2123 nunc
2501 2049 2757 2122 leviter
2802 2051 3046 2122 solum'
3073 2051 3463 2151 adtingam,

854 2222 866 2233 .
959 2156 1177 2254 longe
1241 2157 1530 2253 gravius
1598 2156 1940 2229 delictum
1995 2152 2182 2229 facit.
2295 2150 2618 2249 Namque
2682 2176 2958 2224 summe
3011 2156 3464 2251 vituperabili

963 2259 1294 2347 consili0,
1350 2257 1468 2330 vel
1507 2257 1742 2335 dicam
1784 2256 2064 2346 fraude,
2109 2255 2325 2328 homo
2353 2257 2532 2346 iste,
2582 2253 2997 2328 incredibile
3044 2255 3265 2348 dictu,
3319 2255 3463 2332 Xe·

956 2359 1343 2457 nophontis
1400 2363 1825 2450 orationem,
1882 2359 2260 2456 mangonis
2309 2381 2541 2446 more,
2598 2355 2885 2429 occulte
2929 2359 3289 2456 perpolire
3341 2383 3463 2433 cu-

956 2463 1208 2558 pienS,
1268 2485 1455 2534 nunc
1530 2461 1842 2561 singulas
1913 2462 2258 2535 lectiones
2321 2459 2507 2532 male
2573 2459 3066 2550 immutandO,
3126 2466 3463 2555 (tametsi

954 2565 1097 2636 hoc
1152 2566 1437 2653 rarius)
1496 2587 1682 2635 nunc
1723 2565 1946 2636 verba
2005 2562 2282 2660 singula
2327 2580 2447 2634 aut
2501 2563 2718 2634 etiam
2779 2562 2985 2658 plura
3048 2588 3460 2661 perperam,

959 2665 1217 2755 stulte,
1275 2664 1572 2738 ridicule
1640 2664 2130 2753 inferciendo,
2190 2689 2350 2737 eam
2421 2663 2632 2738 foede
2694 2662 3167 2758 adulteravit,
3228 2691 3462 2763 neque

954 2765 1096 2839 hoc
1143 2766 1301 2840 solo
1347 2766 1663 2839 facinore
1711 2783 2134 2854 contentus,
2192 2765 2484 2868 Salvinii
2543 2790 2829 2862 quoque
2871 2772 3280 2840 versionem
3319 2767 3461 2843 Ita-

955 2868 1213 2959 licam,
1270 2886 1350 2941 ut
1404 2870 1711 2941 insititiis
1770 2871 1914 2941 suis
1963 2868 2203 2940 verbis
2261 2867 2773 2964 responderet,
2833 2869 3021 2942 clam
3071 2871 3456 2969 interpola-

953 2973 1159 3056 vit.³⁶
1235 2970 1517 3070 Quibus
1549 2971 1637 3044 de
1681 2973 1950 3064 caussis
1997 2973 2069 3042 in
2109 2968 2687 3042 adnotationibus
2731 2974 2997 3067 nostris
3038 2974 3209 3047 alias
3267 2978 3458 3050 serio
3547 2967 3556 2974 ’

950 3075 1413 3171 graviterque
1469 3074 1921 3171 reprebendi,
1977 3072 2150 3147 alias
2191 3074 2434 3143 iocose
2479 3074 2833 3168 increpari
2875 3078 3155 3148 meruit.
3264 3074 3454 3148 Tres

951 3177 1130 3247 istae
1175 3178 1582 3273 superiores
1630 3175 1977 3248 editiones
2023 3173 2372 3248 reducunt
2413 3177 2483 3245 in
2520 3176 2947 3245 memoriam
2986 3177 3456 3274 proverbium

951 3275 1171 3350 illud:
1230 3273 1429 3352 Λυδοὶ
1477 3285 1750 3378 πονηροὶ,
1804 3271 2083 3379 δεύτεροι
2135 3270 2527 3376 Αἰγύπτιοι,
2577 3304 2620 3349 τ
2658 3279 2778 3348 ἴτ”οι
2834 3269 2906 3350 δὲ·
2945 3271 3198 3352 πάντων
3239 3277 3453 3380 Κᾶςες

953 3370 1430 3481 ἐξωλέστατοι.
1546 3379 1657 3452 Ac
1699 3376 2174 3453 Londinensis
2224 3376 2516 3475 quidem
2560 3306 2890 3449 editionis
2939 3379 3245 3475 plurima
3292 3404 3450 3480 gra-

949 3485 1211 3576 viaque
1267 3483 1438 3554 vitia
1494 3480 1815 3554 eruditos
1873 3485 2069 3554 viros
2120 3479 2241 3551 diu
2304 3480 2527 3551 latere
2579 3503 2725 3552 non
2793 3496 3170 3575 poterant3
3229 3507 3449 3579 quare

948 3581 1153 3655 brevi
1213 3598 1596 3680 postquam
1638 3608 1720 3656 ea
1763 3584 2051 3681 prodiit,
2106 3583 2340 3680 primo
2384 3578 2600 3652 Henr.
2631 3577 3197 3675 BrencmannuS,
3256 3585 3451 3656 dein·

952 3683 1043 3757 dc
1082 3684 1347 3758 Abrah.
1389 3683 1458 3757 T
1462 3688 1786 3758 orrenius
1822 3685 2201 3759 meliorem
2249 3684 2565 3756 auctoris
2612 3686 2840 3755 nostri
2891 3684 3277 3759 editionem
3327 3711 3448 3786 pa·
3531 3685 3542 3694 ’

947 3807 1111 3861 rare
1154 3788 1530 3862 consilium
1568 3804 1944 3886 ceperant:
1977 3798 2029 3840 3⁷
2084 3787 2278 3886 quod
2319 3784 2578 3860 effectu
2622 3789 2868 3863 caruit.

992 3968 1134 4039 ⁴36.
1180 3968 1275 4032 De
1319 3970 1405 4024 his
1460 3970 1718 4024 omnibus
1789 3972 2019 4025 consule
2070 3974 2156 4025 in·
2272 4029 2276 4033 ,
2320 3986 2421 4038 37·
2468 3968 2620 4023 Vide
2663 3968 2806 4023 Aeta
2851 3969 3128 4025 Emditor.
3162 3987 3216 4025 a·
3265 3988 3447 4039 1727·

950 4045 1170 4115 dicem,
1211 4064 1315 4111 att.
1349 4051 1517 4110 Edit.
1557 4053 1635 4109 Χ.
1664 4051 1739 4109 Ε.
1783 4052 2019 4118 Vindob.
2060 4071 2153 4112 cu·
2238 4072 2295 4126 p.
2325 4073 2393 4124 ²9
2410 4074 2459 4107 ι.
2497 4063 2560 4106 et
2586 4052 2862 4108 Thesaur.
2897 4054 3192 4127 Epistolic.
3228 4055 3436 4111 Lacto-

932 4138 1129 4184 -ratota
1312 4155 1323 4162 κ
1844 4135 1859 4144 ”
2239 4139 2385 4193 zian.
2410 4138 2540 4196 Vol.
2566 4139 2615 4193 1.
2632 4156 2691 4212 p.
2721 4157 2825 4208 73.
