3969 5126
981 564 1188 620 xxvl

979 682 1340 783 plerisque
1365 734 1386 769 ‚
1444 700 1610 751 nam
1647 674 2089 751 doctioribus
2136 695 2676 771 nonnumquam
2713 676 3136 751 verbosiora
3165 734 3188 769 ,
3240 679 3486 779 vulga-

978 790 1111 875 ria,
1158 807 1242 857 ac
1282 804 1537 880 parum
1572 777 1773 851 utilia
1797 776 2230 850 videbuntur
2277 801 2458 874 quae
2501 780 3028 874 congessimus,
3073 781 3306 854 minus
3363 782 3485 856 do·

985 889 1115 964 ctis
1178 909 1322 958 non
1387 885 1604 954 item:
1664 881 1934 953 tirones
1995 880 2334 967 uberiora
2390 881 2628 970 etiam,
2682 881 3171 979 explicatiora,
3231 884 3485 957 clario·

980 1014 1063 1065 ra
1114 984 1639 1061 desiderabunt.
1825 983 1924 1074 ui,
1979 982 2264 1073 amabo,
2320 981 2476 1054 fieri
2534 997 2846 1078 poterat,
2905 999 2985 1055 ut
3041 986 3192 1057 istis
3258 988 3481 1058 omni-

978 1093 1113 1167 bus
1158 1089 1472 1179 facerem
1508 1082 1743 1161 satis?
1833 1087 2028 1182 gitur
2062 1083 2342 1158 mediae
2377 1082 2665 1157 cuidam
2710 1085 2921 1158 classi
2963 1088 3321 1164 lectorum
3370 1086 3485 1161 ad-

976 1193 1386 1266 notationes
1443 1204 1728 1260 nostras
1790 1211 1947 1261 esse
2020 1185 2674 1260 adcommodandas
2728 1189 3250 1279 existimabam,
3310 1213 3484 1286 quas

977 1295 1191 1384 ade0,
1247 1306 1328 1363 ut
1369 1314 1538 1362 cum
1578 1287 1856 1362 Lucilio
1900 1289 2217 1379 dicam,⁶⁰
2268 1311 2500 1385 neque
2546 1288 2635 1361 ab
2683 1288 3188 1363 indoctissimis
3256 1315 3485 1387 neque

980 1422 1026 1470 a
1084 1393 1518 1468 doctissimis
1584 1390 1730 1490 legi
1793 1394 2029 1489 cupio,
2141 1387 2776 1490 Quemadmodum
2830 1390 3482 1466 animadversiones

979 1497 1142 1574 DD.
1189 1496 1333 1569 VV.
1381 1493 1471 1566 ad
1513 1492 1689 1566 alios
1732 1491 2054 1568 Graecos
2110 1508 2443 1566 auctores
2499 1517 2710 1591 saepe
2769 1492 3080 1585 laudavi,
3137 1510 3349 1592 atque
3395 1518 3486 1568 ex

979 1604 1066 1674 iis
1130 1596 1352 1672 adtuli
1403 1620 1584 1693 quae
1641 1600 2048 1694 opportuna
2093 1620 2252 1674 esse
2316 1594 2555 1686 rebar,
2612 1597 2712 1668 ita
2758 1621 2877 1669 me
2917 1596 3277 1668 interdum
3313 1599 3484 1695 peti-

980 1706 1173 1777 visse
1207 1699 1551 1773 auxilium
1585 1697 1671 1770 ab
1720 1699 1856 1771 illis
1898 1697 2246 1771 indicibus
2281 1694 2735 1789 Graecitatis,
2787 1721 2968 1795 quos
3012 1698 3356 1774 habemus
3394 1698 3485 1773 ad

982 1802 1338 1903 quosdam
1400 1806 1725 1897 (utinam
1769 1792 2256 1901 ad'plures!)
2308 1803 2741 1899 scriptores,
2799 1801 3105 1900 ingenue
3162 1801 3484 1876 confiteri

978 1932 1129 1981 non
1154 1930 1331 1979 sum
1372 1903 1920 1978 verecundatus
2032 1903 2289 1994 Nem0,
2332 1903 2578 1995 credo,
2627 1918 2775 1977 tam
2824 1918 2934 1976 est
2971 1909 3223 1994 vanus,
3267 1919 3347 1976 ut
3381 1907 3481 1977 vi·

983 2010 1137 2083 deri
1184 2007 1364 2080 nolit
1399 2004 1485 2079 H.
1524 2005 1864 2104 Stephani
1899 2005 2358 2080 Thesaurum
2398 2022 2470 2081 et
2511 2007 2738 2080 Scotti
2780 2004 3274 2103 Appendicem
3316 2029 3488 2081 conr·

983 2113 1312 2199 suluisse,
1358 2131 1577 2182 eccur
1624 2133 2060 2206 quemquam
2104 2107 2369 2207 pudeat
2425 2109 2562 2180 illis
2612 2107 2959 2181 indicibus
2999 2132 3075 2180 se
3119 2132 3330 2179 usum
3374 2133 3479 2181 es-

983 2239 1062 2288 se
1120 2211 1527 2302 ostendere,
1587 2213 1707 2307 qui
1757 2211 1928 2283 nihil
1976 2227 2144 2286 sunt
2204 2209 2395 2285 aliud
2441 2213 2573 2285 nisi
2645 2210 2946 2282 totidem
2992 2210 3479 2308 supplementa

980 2315 1071 2390 ad
1130 2313 1506 2399 utilissima
1549 2313 1746 2386 haec·
1793 2313 2076 2388 lexica?
2168 2311 2418 2410 Neque
2476 2315 2691 2385 etiam
2752 2312 3070 2408 profiteri
3126 2313 3478 2386 erubesci·

982 2442 1173 2510 muS,
1205 2418 1543 2515 quoniam
1588 2418 1659 2488 in
1704 2431 1852 2489 tam
1903 2419 2195 2490 minutis
2237 2416 2454 2489 rebus
2507 2414 2718 2489 valde
2772 2412 2987 2487 fallax
3048 2430 3159 2487 est
3211 2439 3484 2489 memo·-

980 2523 1113 2613 ria,
1173 2543 1264 2593 ex
1322 2540 1409 2592 ea
1467 2516 1622 2592 sola
1671 2541 1799 2591 nos
1842 2543 1987 2592 non
2033 2516 2566 2618 deprompsisse
2616 2541 2797 2614 quae
2857 2519 3297 2616 scripsimuS,
3352 2517 3476 2593 sed

979 2646 1319 2721 magnam
1372 2635 1652 2717 partem
1700 2644 1791 2691 ex
1842 2645 1926 2692 ea
1968 2621 2438 2720 supellectile,
2496 2645 2710 2718 quam
2763 2621 2834 2690 in
2884 2618 3310 2694 adversariis
3354 2642 3468 2693 cu-

983 2723 1327 2798 stoditam
1367 2721 1734 2796 habemus,
1842 2718 2008 2793 Non
2054 2746 2306 2796 omnes
2347 2719 2682 2798 Brunckii
2735 2746 3007 2812 sumus,
3041 2725 3185 2822 ,qui
3228 2697 3465 2797 adver·

983 2828 1188 2899 sariis
1255 2849 1330 2897 se
1385 2826 1489 2895 uti
1549 2821 1910 2922 negavit.⁶¹
2015 2820 2361 2897 Brevitati
2414 2848 2701 2921 quoque
2752 2823 3274 2897 consulendum
3316 2848 3467 2899 esse

979 2930 1054 3000 in
1113 2952 1201 3000 eo
1244 2925 1362 2998 vel
1404 2928 1713 2999 maxime
1760 2949 1920 2999 sum
1960 2926 2370 3018 arbitratuS,
2427 2942 2508 2998 ut
2548 2941 2927 2999 auctorum
2969 2926 3135 2999 loca
3178 2950 3340 3001 cum
3382 2928 3467 3003 ab

977 3027 1525 3104 Hemsterhusio
1573 3042 1726 3101 tum
1767 3031 2197 3127 praesertim
2223 3030 2324 3102 rab
2364 3025 2769 3102 Abreschio
2811 3029 3095 3125 prolata
3129 3053 3469 3128 persaepe

979 3132 1377 3207 indicarem
1422 3130 1659 3204 solum
1699 3132 2095 3206 secundum
2134 3132 2381 3221 libros,
2429 3134 2686 3230 capita,
2729 3133 3111 3223 sectioneS,
3163 3146 3238 3205 et
3284 3135 3467 3232 pagi·

981 3259 1135 3328 nas,
1193 3257 1338 3308 non
1390 3234 1563 3307 item
1608 3233 1701 3308 ad
1742 3233 2050 3308 verbum
2102 3235 2656 3309 transcriberem
2673 3237 2774 3326 3⁶²
2827 3233 3024 3332 quod
3067 3249 3140 3307 et
3177 3237 3249 3308 in
3295 3238 3466 3310 meis
3568 3273 3580 3288 ·

1072 3416 1172 3470 6ο.
1216 3415 1392 3489 Apud
1434 3415 1604 3470 Cicer.
1626 3415 1697 3471 de
1723 3414 1962 3471 Oratore
1995 3414 2098 3470 lib.
2115 3416 2191 3471 11.
2360 3419 2400 3472 6
2410 3439 2463 3475 ι.
2504 3418 2572 3471 In
2609 3417 2868 3472 Analect.
2908 3419 3038 3472 Vet.
3079 3415 3240 3473 Ροέῑ.
3275 3414 3468 3471 Graec.

982 3499 1097 3554 e.6.
1138 3499 1360 3550 Tamen
1398 3503 1567 3552 etiam
1602 3503 1658 3552 in
1696 3498 1883 3553 media
1922 3501 2030 3551 ista
2051 3500 2187 3552 clas·
2274 3501 2407 3554 Vol.
2429 3501 2537 3554 111.
2558 3519 2617 3574 p.
2637 3504 2736 3566 64.
2799 3501 2963 3555 Conl'.
2986 3499 3264 3555 Biblioth.
3288 3501 3467 3554 Critic.

982 3597 1043 3634 se
1079 3591 1205 3632 sunt
1242 3582 1417 3651 magis
1461 3585 1714 3636 minusve
1748 3580 1971 3645 eruditi,
1995 3600 2189 3653 quam·
2235 3652 2240 3660 υ
2272 3583 2337 3639 Ρ.
2358 3585 2437 3639 11.
2473 3602 2531 3657 p.
2554 3600 2653 3648 42.
2695 3582 2792 3636 ubi
2822 3586 2906 3637 vir
2949 3582 3147 3637 doctus
3182 3598 3465 3637 censorem

981 3662 1175 3716 obrem
1194 3679 1341 3733 quac
1370 3662 1470 3715 alii
1504 3664 1966 3736 aspernabantur,
1986 3663 2190 3719 eadem
2272 3668 2504 3721 istorum
2539 3667 2942 3722 Analectorum
2980 3684 3170 3737 agens,
3197 3659 3343 3718 re'cte
3367 3683 3463 3719 no·

981 3745 1109 3797 aliis
1144 3757 1302 3817 grata
1334 3744 1519 3798 futura
1550 3764 1719 3816 quum
1753 3765 1929 3821 saepe
1961 3750 2021 3801 in
2055 3766 2187 3802 con·
2272 3761 2371 3814 tat,
2390 3767 2578 3803 carere
2611 3768 2735 3803 eam
2772 3748 3076 3803 editionem
3107 3768 3220 3802 una
3258 3748 3360 3802 hac
3384 3747 3464 3802 di-

978 3826 1288 3883 scribendis
1331 3826 1803 3883 adnotationibus
1844 3849 2061 3885 mecum
2101 3849 2185 3886 re·
2267 3832 2534 3905 ligentiac
2567 3834 3005 3903 sinceritatisque
3043 3831 3235 3885 laude.

980 3921 1237 3981 putarem
1269 3950 1291 3976 ,
1362 3910 1772 3965 distrahebatur
1815 3912 2186 3969 deliberando
2358 3920 2455 3969 62.
2499 3912 2807 3970 Ducendus
2841 3914 2932 3968 hic
2976 3926 3059 3969 est
3102 3915 3298 3980 lector,
3341 3914 3468 3967 reli-

979 3994 1223 4056 animus,
1248 4006 1416 4065 atque
1446 3998 1687 4050 incertus
1723 4013 1874 4050 eram
1911 3996 2189 4051 delerem·
2274 4000 2460 4070 quisse
2498 4016 2589 4052 me
2623 4002 2681 4052 in
2721 3996 3001 4052 adnotatis
3022 3994 3459 4062 Albertic',Hem·

886 4097 903 4116 κ
976 4091 1053 4128 nc
1086 4092 1161 4130 an
1210 4079 1589 4153 relinquerem
1634 4096 1783 4153 quae
1824 4083 2188 4156 scripsissem.
2272 4080 2560 4150 sterhusie‘,
2591 4094 2646 4139 et
2664 4078 2964 4136 Abreschia‘
2994 4080 3238 4154 capitum
3278 4091 3331 4136 et
3362 4096 3463 4154 pa-
