3969 5126
941 616 1066 683 214
1502 563 2602 661 Annorarr-onsss
2726 606 2857 660 ιιι

938 730 1215 786 Heraclea
1235 728 1589 794 nominatur)
1625 727 1792 802 quain
1830 731 2198 784 mutationem
2220 732 2465 784 nominis
2489 729 2637 784 infra
2665 727 3029 784 Aurelianum
3073 746 3196 784 esse
3224 728 3427 784 demit-

916 811 1166 869 tendam
1199 830 1315 865 non
1349 813 1581 865 obscure
1620 812 1872 865 videatur
1911 812 2158 866 indicare
2199 813 2413 867 Zosim.
2444 813 2543 867 lib.
2563 815 2606 867 1.
2642 834 2690 869 c.
2713 818 2811 867 62.
2847 815 3078 880 (verum
3121 825 3308 866 tamen
3367 816 3427 866 in

932 900 1297 969 inscriptione
1335 894 1579 966 quadam
1616 895 1720 948 sub
1760 896 2070 950 Aureliano
2100 899 2213 949 iam
2250 907 2475 950 vocatur
2514 896 2809 950 Heraclea.
2879 898 2957 964 V,
2993 897 3159 954 Misc.
3190 895 3424 951 observ.

931 980 1270 1049 Vol.111.p.
1299 976 1480 1046 ¹03.)
1550 977 1754 1032 Cetera
1790 977 1863 1032 de
1899 982 2127 1032 nomine
2169 978 2332 1032 huius
2385 979 2534 1032 urbis
2586 979 2762 1032 fusius
2795 978 2868 1032 ab
2908 978 3130 1031 Hemst.
3175 979 3427 1051 disputan

929 1074 1025 1126 ta,
1067 1060 1170 1114 sed
1220 1059 1295 1113 ad
1331 1061 1633 1116 Auctorem
1673 1073 1919 1115 nostrum
1957 1061 2367 1126 illustrandum,
2412 1079 2727 1133 aevumque
2770 1079 2885 1131 quo
2923 1058 3143 1124 floruit,
3188 1064 3427 1133 propius

929 1102 1294 1198 iudicandum
1336 1160 1451 1195 non
1489 1143 1770 1210 facientia,
1813 1148 2213 1217 praetermitto.
2299 1145 2491 1208 Plura,
2535 1148 2580 1197 si
2616 1147 2741 1215 quis
2775 1145 3037 1215 requirat,
3081 1146 3328 1198 inveniet
3366 1144 3426 1195 in

929 1228 984 1282 Ι.
1008 1225 1261 1296 Casperii
1292 1225 1535 1295 specim:
1562 1227 1712 1281 Diss.
1740 1225 1811 1280 de
1846 1227 2118 1320 Xenoph.
2149 1227 2357 1322 Ephes.
2394 1246 2455 1300 Ρ.
2482 1246 2581 1281 ιο-
2599 1243 2686 1279 nc.

1122 1300 1189 1367 P.
1211 1315 1318 1401 53⁹,
1338 1319 1404 1367 V.
1427 1319 1523 1368 10.
1551 1298 1859 1375 ἔυδαιμονες
1890 1298 2156 1366 ἐνταῦθα.
2195 1301 2342 1383 εκεῖ]
2417 1311 2488 1363 In
2538 1308 2671 1363 edd.
2711 1309 2861 1363 male
2907 1312 2985 1362 sic
3029 1308 3413 1378 distinguitur:

926 1380 1250 1462 εὐδαίμονες.
1291 1379 1535 1449 ἐνταῦθα
1568 1380 1686 1446 ε’κεῖ
1711 1420 1786 1434 —
1828 1394 2054 1446 Rectius
2084 1404 2144 1446 ut
2181 1391 2606 1463 distingueretur
2643 1404 2838 1446 auctor
2877 1392 2981 1444 fuit
3011 1388 3333 1444 Hemsterh.

1119 1467 1190 1532 P.
1209 1480 1309 1548 53.
1329 1485 1396 1531 V.
1422 1480 1519 1549 13.
1574 1466 2008 1546 διαπαλαίοντα]
2055 1475 2115 1528 Si
2173 1479 2578 1548 proprietatem
2614 1475 2769 1528 verbi
2827 1476 3122 1547 compositi
3164 1484 3426 1546 spectes.

931 1555 1261 1610 vertendum
1312 1559 1416 1609 erit
1454 1557 1611 1610 lucta
1647 1575 1781 1651 crc’m
1819 1550 1951 1610 alus
2002 1557 2450 1610 contendentem.
2532 1555 2829 1646 Aristoph.
2873 1557 3063 1627 Equit.
3096 1573 3232 1627 57⁰·
3288 1554 3425 1622 (ubi

875 1638 1283 1696 Scholiasta.-
1313 1626 1650 1704 ἆηπᾶλαιον,
1690 1629 2049 1706 ἇνεμᾶχοντσ,
2093 1638 2171 1693 ad
2202 1643 2540 1693 sententiam
2572 1643 2950 1713 opportunius
2990 1648 3096 1702 est,
3140 1655 3310 1709 quam
3357 1637 3432 1690 ad

929 1724 1217 1794 ingenium
1252 1721 1411 1775 verbi
1443 1722 1865 1815 explicandum,
1889 1722 1911 1788 )
1968 1721 2156 1776 Sobel.
2193 1721 2391 1795 Apoll.
2429 1720 2621 1775 Rhod.
2658 1721 2735 1775 ad
2763 1722 2840 1774 11.
2871 1740 3011 1792 5oo.
3050 1720 3121 1774 de
3171 1721 3425 1792 Cyrene:

930 1794 1328 1859 διαπαλαίουσᾶ
1363 1821 1499 1860 ποτε
1539 1793 1742 1861 λέοντι.
1788 1805 2076 1860 HEMST.
2143 1833 2148 1840 ·
2270 1805 2409 1858 Alia
2459 1805 2725 1878 exempla
2756 1803 3055 1859 verborum
3111 1794 3431 1868 διαμονομα-

931 1871 3433 1980 xia»,&maanaimSarma»,&suspbx70uoee;81oeeq>.0rvn05uoee,Satopoerteoaoee,teae.

924 1956 1265 2042 ριᾳτεῦομαι,
1317 1981 1416 2022 etc.
1461 1970 1534 2023 ab
1570 1951 1773 2024 eodem
1800 1973 1920 2025 viro
1951 1970 2118 2024 docto
2155 1970 2383 2043 prolata
2406 1987 2521 2022 non
2548 1969 2872 2023 transcribo.
2962 1966 3303 2021 Abrescltius
3333 1965 3434 2021 dd·-

934 2051 1018 2103 dit
1047 2048 1317 2122 Apollod.
1352 2051 1448 2106 lib.
1464 2054 1576 2108 111.
1613 2072 1661 2107 c.
1694 2072 1782 2122 ¹3·
1808 2072 1851 2107 s.
1869 2072 1927 2124 3.
1965 2052 2180 2106 Achill.
2208 2051 2826 2124 rat.lib.1vQ.271.
2863 2064 2920 2105 et
2957 2050 3178 2122 Ioseph.
3200 2049 3275 2103 de
3314 2052 3435 2105 13.1.

931 2133 1035 2187 tib.
1044 2134 1142 2187 v1.
1169 2151 1216 2186 c.
1241 2153 1296 2205 9.
1326 2153 1373 2188 s.
1398 2150 1457 2200 4.
1494 2137 1592 2190 ubi
1631 2148 1714 2190 est
1748 2128 2105 2206 διαμαχῆσαι.
2154 2136 2493 2207 Opportune
2528 2151 2666 2189 sane
2706 2134 2760 2188 h.
2788 2135 2828 2186 l.
2863 2132 3074 2188 indicat
3110 2134 3427 2207 Xenophon

933 2218 1299 2290 praecipuum
1336 2217 1481 2273 illud
1515 2222 1574 2272 in
1615 2218 1936 2313 Gymnasiis
1966 2220 2041 2273 ad
2079 2211 2450 2312 παιδεραστιαν
2478 2220 2912 2271 incitamentum.

1125 2291 1195 2357 P.
1217 2306 1318 2375 53.
1345 2311 1411 2358 v.
1438 2310 1536 2376 14.
1573 2291 1650 2356 ἕπ
1657 2290 1882 2372 'civi-35]
1927 2303 2078 2373 Lege
2116 2289 2190 2355 ἐπ
2201 2289 2398 2366 2in,
2441 2302 2699 2351 nimirum
2736 2288 2914 2370 {opi-3.
3000 2300 3133 2353 Post
3173 2298 3299 2352 festi
3339 2313 3426 2351 ce·

935 2379 1136 2434 lebrati
1173 2400 1469 2455 pompam,
1513 2402 1615 2458 pro
1656 2401 1837 2447 more,
1879 2383 2218 2456 sequebatur
2265 2377 2541 2447 aeoeaervxc‘g.
2622 2381 2717 2434 Sic
2757 2383 2985 2446 σπείσας
3025 2371 3120 2436 ἕπτ’
3155 2377 3227 2448 τῇ
3262 2377 3432 2454 θυσίᾳ

935 2460 1172 2517 Arrian.
1201 2464 1274 2518 de
1313 2465 1464 2538 Exp.
1491 2467 1662 2519 Alex.
1699 2464 1797 2519 lib.
1803 2461 1906 2519 VI.
1949 2459 2032 2537 [c.
2044 2485 2108 2563 9.
2137 2484 2180 2518 s.
2211 2484 2276 2519 ιι
2289 2459 2342 2537 .]
2382 2484 2441 2538 Ρ.
2464 2474 2608 2535 258.
2657 2463 3107 2518 HEMSTERH.
3279 2463 3431 2516 Con·

934 2544 1163 2600 firmare
1194 2546 1339 2601 hane
1375 2546 1828 2603 emendationem
1861 2548 1967 2603 sibi
2008 2550 2157 2603 visus
2190 2559 2272 2603 est
2303 2544 2646 2603 Abrcsclrius
2681 2548 2861 2601 locum
2896 2545 3136 2641 Iosephi
3168 2544 3435 2601 adferen-

937 2629 1059 2691 do.
1103 2631 1175 2682 A.
1193 2631 1242 2684 1.
1277 2631 1381 2684 lib.
1403 2632 1570 2691 xm.
1601 2650 1645 2684 c.
1674 2651 1764 2684 ιι.
1787 2650 1913 2700 ’.3.
1950 2618 2183 2699 εἰςῆλθε
2230 2622 2525 2699 μετάνοια,
2567 2648 2654 2683 και
2686 2618 2846 2694 νόσος
2885 2618 2959 2685 ἕπ
2969 2618 3145 2696 ’ἄτη-ἃ.
3232 2630 3433 2700 Atqui,

935 2729 978 2764 ο
1016 2710 1207 2777 bone,
1252 2729 1483 2783 ecquem
1516 2712 1748 2769 tandem
1795 2714 2039 2785 putabas
2072 2714 2229 2776 fore,
2274 2717 2368 2786 qui
2406 2716 2642 2767 nesciret
2688 2724 2786 2765 aut
2831 2711 3102 2766 dubitaret
3162 2699 3263 2764 ἔτί
3307 2730 3438 2765 cum

939 2790 1117 2846 dandi
1158 2811 1289 2846 casu
1322 2793 1600 2848 interdum
1625 2796 1816 2850 valere
1847 2797 2029 2867 post?
2073 2796 2207 2850 Non
2231 2796 2329 2850 tibi
2364 2795 2509 2850 istud
2548 2806 2668 2849 erat
2698 2793 2775 2851 ad
2809 2793 3206 2849 stabiliendam
3240 2811 3437 2848 emen-

939 2872 1231 2928 dationem
1271 2875 1608 2944 docendum,
1648 2877 1750 2932 sed
1775 2878 1853 2931 ob
1877 2897 2003 2932 eam
2038 2897 2289 2933 caussam
2315 2867 2392 2933 s'vr
2404 2867 2562 2944 ’ἆυτῇ
2591 2895 2685 2950 ap.
2712 2875 2991 2930 Nostrum
3028 2880 3227 2948 corrigi
3263 2895 3433 2951 opor-

938 2967 1079 3021 tere,
1123 2961 1257 3029 quia
1293 2960 1588 3032 pervigilia
1618 2970 1756 3033 post
1793 2960 2051 3014 festivam
2090 2980 2366 3035 pompam
2415 2965 2504 3032 agi
2541 2963 2948 3014 consueverint.
3014 2959 3291 3013 Nimirum
3325 2961 3431 3011 boc

851 3098 860 3119 Ι
939 3038 1084 3094 illud
1120 3052 1223 3107 est,
1253 3040 1404 3112 quod
1448 3044 1583 3096 mihi
1618 3041 1945 3117 persuaderi
1971 3062 2085 3098 non
2119 3044 2285 3097 facile
2319 3046 2519 3117 patiar.
2582 3043 2862 3097 Novimus
2902 3042 3239 3096 Graecorum
3274 3039 3423 3093 diem

941 3122 1017 3176 ab
1052 3123 1343 3178 occidente
1383 3127 1505 3180 sole
1545 3129 1854 3199 incepisse:
1925 3142 2116 3182 nonne
2166 3130 2330 3199 igitur
2368 3124 2538 3180 valde
2587 3125 2884 3180 verisimile
2925 3124 3025 3188 fit,
3070 3143 3107 3179 a
3159 3122 3429 3196 pervigilii

939 3211 1196 3260 nocturni
1238 3209 1613 3263 celebratione
1650 3213 1868 3263 initium
1895 3209 2160 3264 festorum
2208 3210 2376 3263 fuisse
2408 3207 2657 3263 factum?
2723 3209 2813 3261 lta
2854 3206 3139 3279 hodieque
3178 3208 3237 3258 in
3266 3206 3432 3258 sacris

933 3293 1146 3343 -nostris
1181 3290 1372 3344 ritibus
1412 3293 1609 3364 vigilia
1635 3288 1794 3365 festi
1821 3293 2148 3348 celebratur.
2191 3294 2305 3347 Ubi
2339 3293 2531 3366 plures
2574 3292 2692 3367 dies
2730 3290 2872 3344 festo
2913 3302 3098 3344 essent
3133 3289 3432 3352 constituti,

941 3372 1179 3431 totidem
1217 3376 1386 3427 etiam
1426 3377 1756 3448 plerumque
1789 3378 2085 3446 pervigilia
2122 3376 2462 3448 agebanturg
2505 3377 2583 3429 sie
2612 3387 2819 3436 tamen,
2862 3385 2922 3427 ut
2960 3391 2996 3426 a
3031 3374 3216 3446 primo
3248 3371 3434 3443 pervi-

942 3460 1102 3529 gilio,
1145 3456 1621 3528 quemadmodum
1649 3457 1911 3522 diximus,
1953 3461 2171 3512 initium
2209 3459 2332 3512 festi
2363 3456 2538 3511 fieret.
2600 3458 2764 3510 Certe
2800 3455 2994 3509 videor
3038 3454 3173 3507 mihi
3204 3453 3313 3506 hoe
3343 3451 3436 3505 vel

945 3556 982 3593 e
1018 3540 1156 3594 solis
1188 3539 1299 3591 illis
1335 3542 1394 3592 in
1438 3540 1743 3611 Pervigilio
1780 3539 2009 3593 Veneris
2045 3543 2209 3595 toties
2242 3543 2489 3614 repetitis
2523 3538 2726 3604 verbis,
2761 3555 2886 3592 cras
2917 3545 3091 3600 amet,
3124 3548 3271 3591 recte
3303 3552 3434 3609 pos-

946 3641 1008 3678 se
1041 3622 1343 3693 colligere3
1387 3621 1483 3676 ubi
1519 3630 1688 3676 etiam
1715 3640 1788 3677 ex
1826 3638 2004 3688 v.42.
2044 3623 2402 3678 manifestum
2436 3619 2517 3685 fit,
2539 3624 2643 3676 tria
2673 3624 2879 3694 agitata
2914 3621 3082 3675 fnisse
3118 3620 3434 3691 pervigilia,

946 3717 1168 3778 tresque
1203 3702 1373 3756 festos
1413 3704 1536 3759 dies
1571 3705 1901 3760 celebratos.
1987 3707 2109 3760 Iam
2150 3725 2284 3762 vero
2340 3707 2729 3760 Romanorum
2782 3703 2924 3758 festa
2972 3702 3049 3758 ad
3091 3701 3437 3755 Graecorum

947 3805 1164 3843 morem
1200 3784 1370 3839 fuisse
1406 3790 1674 3850 instituta,
1713 3782 2020 3860 eorumque
2053 3788 2203 3843 diem
2240 3808 2276 3843 a
2311 3787 2500 3843 media
2525 3799 2695 3842 nocte
2717 3790 2997 3842 numerari
3019 3787 3289 3858 coepisse,
3332 3798 3433 3835 ne·-

867 3864 880 3877 “
946 3889 1044 3926 mo
1086 3871 1277 3924 nescit.
1359 3869 1549 3941 igitur,
1590 3888 1761 3942 quum
1793 3875 1854 3925 in
1893 3872 2155 3927 Romano
2192 3860 2434 3927 Veneris
2471 3870 2635 3934 testo,
2680 3870 2752 3925 de
2781 3888 2893 3941 quo
2933 3887 3080 3924 nunc
3103 3883 3288 3921 sermo
3329 3876 3436 3931 est,

945 3957 1160 4028 primus
1182 3950 1306 4006 dies
1332 3964 1476 4006 esset
1511 3957 1694 4026 prima
1727 3954 1961 4028 Aprilis,
1981 3973 2054 4010 ea
2072 3967 2269 4035 nocte,
2308 3973 2453 4028 quae
2479 3953 2565 4008 ab
2591 3954 2786 4009 ultima
2809 3953 3003 4009 Martii
3035 3953 3311 4025 incipiens
3344 3965 3434 4001 us-
3476 3978 3485 3983 -

951 4055 1063 4107 qne
1091 4034 1172 4090 ad
1198 4036 1609 4090 illucescentem
1637 4035 1787 4090 diem
1819 4041 2062 4112 primam
2100 4020 2314 4112 Aprilis
2346 4035 2710 4111 perdurabat,
2749 4038 3021 4093 celebrari
3051 4037 3296 4109 primum
3314 4032 3434 4085 Ve-

863 4194 870 4207 1
951 4121 1100 4174 neris
1129 4112 1489 4194 perbigssium
1511 4123 1912 4191 consuevisse,
1925 4140 2036 4199 Ριο
2072 4134 2225 4181 certo
2250 4121 2461 4181 habco.
2523 4121 2703 4178 Porro
2738 4123 2883 4178 inter
2916 4140 2991 4178 ea
3023 4135 3169 4195 quae
3205 4115 3278 4175 de
3301 4132 3435 4191 per-

1297 4370 1316 4399 t
