3969 5126
2905 570 3085 635 xxi,

560 694 717 789 gius
766 699 977 784 atque
1019 678 1413 759 indefessus
1457 684 1738 757 adiutor
1776 682 1949 756 mihi
1992 681 2126 756 fuit
2170 684 2680 777 celeberrimus
2726 681 2901 760 Rev.
2944 685 3047 761 Io.⁴

560 789 889 880 Andre3‚
944 811 1110 861 cum
1157 785 1555 861 admirabili
1614 784 2016 858 eruditione
2065 800 2138 857 et
2184 784 2574 887 diligentia,
2632 803 2786 862 tum
2852 794 3050 862 omni

560 896 827 975 virtute
878 892 1263 965 excellens
1370 888 1567 963 Dum
1616 886 1794 961 haee
1851 902 2246 987 geruntur,
2304 907 2637 988 essetque
2693 894 2762 964 in
2812 894 3049 967 animo

556 1019 725 1069 meo
772 1019 936 1093 spes
996 992 1397 1091 reperiendi
1466 991 1654 1062 illius
1707 991 2204 1088 exemplaris,'
2240 1005 2323 1062 ut
2373 991 2567 1083 dixi,
2625 995 2768 1066 iam
2824 994 3052 1067 ferme
3159 1016 3164 1029 ¹

482 1098 485 1099 ⁷
559 1096 934 1195 deposita,
990 1096 1242 1193 rogavi
1299 1093 1403 1166 Cl.
1455 1093 1614 1165 Car.
1662 1091 1826 1165 Chr.
1868 1091 2148 1189 Weigel
2211 1095 2382 1165 artis
2441 1093 2762 1167 medicae
2804 1096 3053 1168 docto·

557 1221 718 1270 rem
785 1195 1276 1294 Lipsiensem,
1332 1199 1452 1295 qui
1523 1211 1675 1267 tum
1735 1191 2138 1267 florentiae
2207 1195 2553 1296 degebat,
2610 1198 2715 1267 uti
2784 1197 3053 1269 codicis

482 1354 487 1357 Α
554 1296 949 1372 Florentini
1027 1298 1441 1372 conferendi
1523 1295 1818 1371 arduam
1888 1298 2335 1394 provinciam
2407 1299 2851 1395 susciperet3
2926 1300 3057 1371 sed

551 1400 744 1475 haud
809 1401 1038 1474 multo
1098 1417 1264 1500 post
1325 1415 1621 1500 repente
1689 1398 1781 1472 ad
1839 1422 1957 1471 me
2022 1397 2261 1472 delato
2320 1398 2613 1473 Coechii
2668 1398 3051 1498 exemp10‚

555 1507 799 1577 statim
839 1501 1190 1603 Weigelio
1237 1505 1599 1601 rescripsi,
1655 1517 1735 1574 ut
1782 1526 1824 1573 a
1870 1503 2408 1598 comparatione
2451 1502 2852 1593 desisteret,
2909 1506 3052 1575 exi-

555 1607 851 1678 stimans
892 1608 1228 1679 nimirum
1268 1622 1511 1679 actum
1560 1605 1901 1677 inutiliter
1943 1606 2078 1703 agi.
2188 1602 2484 1677 Interim
2526 1607 2668 1677 iam
2709 1628 3051 1702 pervene-

551 1724 662 1781 rat
698 1710 809 1779 vir
862 1709 1449 1807 diligentissimus
1505 1707 1594 1781 ad
1649 1706 1960 1781 mediam
2023 1710 2358 1806 paginam
2410 1730 2530 1796 4¹·
2579 1704 3049 1789 Londinensis
3159 1708 3168 1725 “

548 1810 910 1900 editionis,
970 1814 1039 1882 in
1078 1836 1215 1908 qua
1262 1814 1476 1908 igitur
1518 1810 1745 1883 desiit.
1828 1808 2010 1881 Sero
2045 1808 2365 1900 demum,
2423 1808 2544 1889 ubi
2587 1808 3053 1883 collationem

544 1917 756 1986 istam
813 1916 1083 2011 accepi,
1141 1938 1322 2010 quae
1360 1912 1533 1985 mihi
1579 1936 1723 1985 non
1780 1934 2043 2011 paucas
2100 1913 2190 1986 ab
2236 1910 2551 1986 Cocchio
2590 1915 3047 2008 praetermis-

546 2038 661 2088 sas
720 2015 950 2088 bonas
1008 2015 1352 2088 lectiones
1411 2013 2036 2105 subministrabat,
2098 2038 2241 2087 non
2293 2017 2447 2087 sine
2489 2037 2749 2111 magna
2801 2017 3047 2110 poeni-

544 2120 766 2191 tentia
801 2117 1144 2209 intellexi‚
1193 2119 1483 2190 nimiam
1531 2116 1759 2189 fidem·
1787 2115 2118 2190 habuisse
2158 2142 2276 2192 me
2322 2119 2393 2189 in
2445 2115 2707 2189 medici
2754 2113 3047 2189 Floren-

542 2222 665 2319 tini
711 2219 1197 2317 diligentia350
1258 2221 1383 2293 vix
1429 2222 1620 2291 enim
1664 2218 1959 2292 dubium
2006 2234 2143 2309 est,
2201 2222 2369 2315 quin
2432 2217 2791 2291 nonnullis
2835 2217 3045 2293 bonis

541 2319 998 2408 lectionibus,
1055 2338 1178 2391 aut
1233 2318 1527 2415 singulis
1579 2320 1972 2390 verborum
2026 2321 2464 2397 omissorum
2528 2320 3045 2416 supplementis

539 2419 1019 2514 locupletatus
1092 2417 1344 2489 fuisset
1408 2416 1688 2489 Auctor
1756 2430 2056 2502 noster,
2132 2417 2191 2487 si
2262 2417 2649 2514 Weigelius
2729 2421 3045 2515 quinque

544 2542 794 2592 omnes
855 2517 1078 2592 libros
1150 2541 1317 2592 eum
1372 2515 1623 2591 c‘odiee
1689 2515 2130 2590 contulisset.
2241 2514 2369 2592 His
2427 2540 2601 2618 ergo
2671 2521 2946 2593 cunctis
2999 2544 3044 2596 e

542 2620 728 2694 libro
792 2619 1061 2720 scripto
1120 2622 1360 2719 petitis
1424 2618 1756 2693 subsidiis
1830 2621 2265 2709 instructuS,
2323 2633 2499 2716 quot
2560 2623 2741 2694 locis
2796 2619 3039 2695 Xeno·

538 2723 886 2823 phontem
926 2723 1486 2820 emendaverim,
1542 2722 1821 2819 quoties
1870 2719 2150 2821 singula
2195 2736 2317 2795 aut
2349 2722 2558 2821 plura
2604 2724 2678 2796 in
2716 2726 3038 2834 superio-

545 2953 676 2989 nem
713 2935 798 2989 ad
830 2954 1037 2990 novam
1070 2935 1369 2989 lectionem
1411 2933 1739 2988 adeommo·
1810 2935 1981 3004 'tione
2004 2930 2360 2988 Londinensi
2393 2951 2719 3008 expressum
2752 2935 2874 2999 fuit,
2903 2952 3031 3008 per-

541 3018 732 3082 datae,
775 3036 948 3089 quam
989 3035 1070 3070 ex
1121 3018 1245 3090 ipso
1294 3014 1491 3069 Codice
1552 3015 1737 3093 Caspi·
1796 3032 2006 3088 -aeque
2046 3016 2104 3067 in
2142 3014 2285 3082 Cod.
2322 3015 2477 3071 Flos.
2513 3016 2861 3073 conferendo
2899 3035 3031 3072 usus

537 3099 721 3162 nemi,
764 3100 865 3172 qui
921 3099 1275 3172 autographi
1318 3099 1500 3152 vicem
1546 3099 1741 3170 gerit,
1824 3111 1927 3152 est.
1971 3099 2325 3153 Testimonio
2361 3111 2491 3153 sunt
2535 3100 2803 3154 lectiones
2823 3099 2956 3154 illae
2995 3117 3033 3153 a

533 3180 1056 3236 summa‘adhibita
1066 3180 1196 3255 fide
1226 3189 1285 3234 et
1308 3180 1613 3253 diligentia
1651 3198 1736 3234 re·
1823 3178 2042 3233 Lus-Ilio
2070 3190 2126 3232 et
2155 3179 2426 3252 Weigels'o
2452 3182 2592 3236 loeis
2630 3185 2690 3234 in
2721 3180 2904 3237 indice
2939 3199 3028 3236 re-

434 3307 449 3312 -
535 3264 750 3318 stituit.
834 3263 1178 3319 Praecavere
1229 3267 1487 3317 nimirum
1519 3262 1739 3318 videtur
1818 3261 2110 3337 pei-iendis
2149 3262 2285 3316 mihi
2323 3263 2741 3337 suppeditata.
2787 3263 2908 3317 Huc
2936 3281 3027 3319 ae·
3113 3303 3118 3306 -

534 3347 801 3411 voluisse,
842 3346 1020 3401 altero
1067 3346 1169 3401 illo
1211 3364 1312 3399 suo
1358 3346 1624 3418 exemplo
1659 3349 1739 3400 sie
1824 3345 1992 3412 cedit,
2036 3343 2191 3418 quod
2226 3355 2281 3399 et
2314 3357 2518 3418 postea
2547 3348 2605 3398 in
2649 3346 3028 3400 transcriben-

533 3427 885 3494 insttuendo‚
928 3447 1000 3483 ne
1057 3432 1104 3481 si
1152 3429 1292 3483 forte
1349 3432 1409 3482 in
1457 3431 1736 3483 maritimo
1819 3427 1906 3482 dis
1944 3446 2158 3482 rursum
2193 3427 2526 3482 lectionibus
2562 3444 2596 3482 e
2626 3430 2873 3500 margine
2908 3431 3024 3502 pri-

531 3514 753 3576 itinere,
795 3513 983 3566 aliove
1037 3509 1277 3567 adverso
1335 3529 1465 3565 casu
1529 3514 1737 3583 periret
1818 3515 1929 3565 oris
1976 3514 2064 3564 sni
2121 3510 2376 3583 exempli
2436 3513 2492 3563 in
2550 3513 2866 3584 posterius,
2910 3528 3023 3582 quo

532 3597 776 3668 primum
830 3595 1152 3668 exemplum
1192 3594 1512 3649 D'Otvillio
1555 3606 1730 3648 ttsns·
1816 3612 1922 3667 ego
1963 3612 2086 3647 sum
2124 3610 2276 3656 usus,
2319 3591 2698 3664 indiligentius
2735 3611 2866 3648 enm
2898 3611 3021 3647 ver-

529 3679 757 3730 missum
783 3713 803 3738 ,
845 3678 1080 3732 alterum
1131 3695 1247 3732 non
1292 3688 1629 3750 superesset,
1671 3678 1731 3731 in
1812 3688 1992 3731 satum
2048 3676 2215 3729 fuisse
2258 3674 2560 3729 vehemens
2621 3677 2865 3749 suspicio
2920 3687 3021 3730 est.

534 3776 646 3830 quo
688 3756 923 3814 eaedem
960 3759 1274 3834 adscriptae
1306 3757 1730 3815 emendationes
1816 3759 1978 3814 Certe
2003 3758 2352 3845 diversitates
2385 3758 2542 3823 illae,
2563 3761 2781 3830 quasin
2822 3755 3019 3812 adnot.

531 3853 906 3897 servarentur.
1348 3861 1359 3872 ³
1809 3861 1870 3916 p.
1893 3860 1966 3898 eo
1983 3863 2032 3897 ι.
2069 3858 2210 3914 ²25·
2239 3851 2295 3894 et
2329 3859 2469 3909 ¹27⁰·
2500 3841 2885 3906 indicavimus,
2925 3838 3020 3894 ία-

620 3942 720 3996 50·
765 3925 989 3998 Nempe
1013 3922 1210 3979 eadem
1245 3927 1476 3989 incutis,
1505 3943 1616 3997 qna
1656 3942 1729 3978 ex
1813 3929 1962 3979 ciunt
1996 3937 2055 3979 ut
2086 3923 2308 3979 credam
2350 3924 2537 3997 plures
2557 3924 2702 3977 alias
2738 3934 3017 3995 repertun

418 4031 423 4037 ·
533 4003 778 4059 Salvinii
827 4007 1158 4081 apographo
1204 4013 1286 4062 vir
1341 4009 1433 4061 ille
1484 4008 1727 4063 eruditus
1812 4011 1909 4074 isi,
1950 4012 1999 4062 si
2048 4011 2136 4062 eni
2187 4006 2490 4061 D’Orvillii
2548 4006 2841 4078 exemplat
2891 4023 3014 4098 cuna

530 4106 690 4144 suum
726 4089 1035 4167 descripsit,
1079 4091 1237 4165 quod
1273 4090 1479 4147 deinde
1516 4094 1574 4146 in
1608 4090 1727 4148 edi·
1811 4109 1940 4147 meo
1977 4108 2305 4165 comparate
2343 4087 2651 4163 aliquando
2686 4088 2895 4144 licebit.
