3969 5126
997 546 1083 624 90
1415 530 2403 595 XENOPHONTIS
2528 528 3071 589 EPnEsn

1098 650 1196 758 β’.
1251 655 1365 735 ‘Oe
1412 647 1486 733 δε
1528 666 1670 760 περ)
1704 685 1817 731 τον
1847 651 1900 729 Γ
1904 647 2211 730 memnon
2249 644 2445 753 μέγα
2483 681 2606 751 μεν
2643 644 2760 743 ηδη
2793 640 2873 741 ajo
2908 637 3255 753 λῃστνςιον
3291 668 3488 725 κατε·

997 774 1355 871 στήσαντο,
1382 766 1682 882 ἔγνωσαν
1719 766 1791 853 δε
1823 771 2113 867 οἷπαίρειν
2128 770 2524 865 Αἰθιοπίας,
2557 783 2671 850 καὶ
2691 769 2989 882 μείζοσιν
3023 759 3135 863 ἤδη
3168 761 3491 873 πςοῖγμα-

895 951 898 954 ·
997 931 1098 978 σιν
1139 897 1614 986 ε’·πιτιθεσθαις
1670 890 1747 974 οὖ
1780 890 1924 1003 γᾶς
1961 891 2166 974 ἐδόκει
2203 887 2544 994 Γπποθόῳ
2587 923 2917 997 αυταςκες
2949 924 3105 969 ειναι
3144 884 3492 994 λῃστεύειν

994 1051 1130 1117 m
1140 1010 1493 1162 ὀἷνδςα,’
1467 1051 1519 1096 ει
1555 1051 1646 1119 μη
1683 1031 1793 1097 καὶ
1837 1048 2090 1115 κωμαις
2128 1027 2243 1095 καὶ
2276 1013 2548 1094 πόλεσιν
2572 1010 2909 1117 ἔπιβαλοι.
2978 1010 3161 1092 καὶ
3138 1047 3172 1090 ο
3200 1043 3345 1156 parv,
3360 1043 3487 1089 πα·

918 1175 954 1231 ⁵
1002 1132 1331 1244 ςαλαβων
1368 1169 1523 1224 τους
1562 1170 1679 1216 συν
1716 1138 1920 1240 ἀντῷ,
1972 1150 2084 1216 καὶ
2129 1135 2719 1244 ἓπιφοςτισοῖμενος
2761 1129 3003 1227 πάντα,
3060 1122 3166 1232 (ην
3200 1130 3345 1213 δε
3306 1130 3488 1235 αυτῷ

995 1269 1111 1339 καὶ
1144 1253 1490 1399 ὑποζύγια
1525 1255 1775 1338 πολλοὶ
1801 1270 1914 1337 κα)
1956 1257 2256 1355 κάμηλοι-
2279 1260 2408 1340 οὐκ
2433 1259 2741 1367 ὄλίγαι,)
2795 1258 3169 1340 Αἰθιοπίαν
3210 1282 3329 1355 μεν
3365 1287 3486 1333 κα-

992 1377 1281 1471 τέλιπεν,
1329 1412 1426 1482 ῃει
1461 1373 1592 1457 δε’
1565 1413 1647 1458 επ
1652 1376 1759 1458 ’A
1751 1373 2060 1486 ἰγυπΊόν
2086 1414 2164 1463 τε
2199 1396 2310 1462 και
2351 1379 2871 1491 Α’λεξοῖνδςειαν,
2917 1380 3030 1458 κὰ)
3067 1372 3287 1458 ἐνενόει
3326 1381 3486 1455 Φοι-

952 1513 1161 1598 νίκην
1203 1509 1317 1580 καὶ
1341 1506 1585 1608 Συςίαν
1620 1500 1862 1592 ποῖλιν;
1912 1537 2027 1598 την
2066 1504 2139 1585 δε
2167 1505 2246 1583 Α’
2249 1511 2446 1585 νθίαν
2481 1498 2838 1611 πςοςεδόκα
2878 1498 3286 1595 τεθνηκέναι.
3339 1498 3373 1577 ὃ
3415 1491 3484 1577 δε

989 1625 1061 1707 A'
1069 1634 1428 1732 μφίνομος,
1483 1627 1517 1705 ὃ
1559 1623 1861 1731 φςουςων
1905 1625 1969 1706 ἐν
2023 1630 2110 1734 τῇ
2147 1621 2394 1733 τοῖφςῳ
2430 1619 2661 1722 ἆυτην,
2714 1655 3031 1731 εςωτικως
3066 1621 3484 1722 διακείμενος,

840 1776 851 1787 ·
879 1784 953 1823 ιο
998 1750 1137 1853 οὐχ
1164 1747 1490 1850 ὑπομένων
1510 1748 2038 1847 οἷποσπασθῆναι
2073 1752 2184 1843 τῆς
2210 1747 2402 1857 κόςης
2427 1743 2536 1830 δια
2570 1782 2679 1841 την
2711 1781 2867 1852 πξος
2895 1740 3095 1829 viva-nv
3120 1749 3486 1848 φιλοστος-

984 1879 1170 1978 γίαν,
1201 1881 1316 1983 καὶ
1354 1903 1468 1966 την
1502 1866 1885 1975 ἐπικειμένην
1927 1867 2389 1978 συμφοςαν,Ι
2357 1868 2698 1972 Γπποθόῳ
2734 1902 2856 1972 μεν
2882 1867 3019 1970 οὐχ
3058 1860 3295 1962 ἕιπετο,
3320 1870 3485 1944 λαν-

886 2028 889 2031 ’
987 1988 1189 2073 θείνει
1228 1990 1363 2071 3⁸⁹
1334 2027 1398 2073 εν
1428 1998 1705 2080 πολλοῖς
1748 2006 1883 2080 τοις
1916 1987 2178 2089 ἄλλοις,
2223 2006 2338 2074 καὶ
2372 1988 2914 2105 αποκςύπΊεται’
2891 2025 2953 2072 εν
2988 2023 3195 2095 αντςῳ
3224 2001 3341 2068 τιν)
3363 2019 3485 2067 συν

989 2129 1124 2204 τοις
1151 2109 1611 2211 ἐπιτηδείοις*
1541 2149 1629 2204 οις
1649 2115 2079 2227 συνελέξατο.
2134 2149 2363 2202 νυκτος
2382 2112 2455 2195 δε
2487 2112 2835 2221 γενομένης
2872 2115 2926 2194 ὃι
2954 2124 3096 2218 weg)
3129 2144 3242 2192 τον
3267 2106 3482 2192 l‘xaeo'-

991 2232 1231 2315 θοον
1206 2250 1306 2316 επὶ
1350 2236 1569 2341 κώμην
1604 2232 2059 2339 εληλιῖθεσαν
2073 2273 2195 2335 της
2213 2244 2275 2315 Α
2273 2233 2576 2343 'tycia-7011
2598 2238 2672 2315 A'
2676 2247 2849 2344 ςείαν
2882 2226 3307 2334 καλουμενην,
3329 2267 3483 2341 wog-

776 2407 791 2414 -
880 2389 950 2443 ¹5
995 2357 1219 2457 θῆσαι
1264 2355 1610 2455 θέλοντες.
1663 2360 1697 2439 ὁ
1729 2355 1802 2441 δε
1821 2354 1898 2441 A'
1895 2373 2236 2468 μφίνομος
2261 2357 2599 2467 ἆνοςύσσει
2639 2392 2752 2455 την
2777 2354 3064 2465 τοίφςον,
3092 2371 3205 2439 καὶ
3243 2354 3481 2467 ἑξοὶγει

1078 2573 1168 2638 11.
1206 2563 1615 2654 Hippothous
1690 2567 1813 2637 iarn
1877 2591 2158 2656 magnam
2226 2572 2605 2657 praedonum
2664 2589 2910 2637 manum
2981 2578 3438 2655 comparaverat
3453 2615 3477 2654 ,

862 2757 869 2764 ,
989 2683 1174 2757 atque
1215 2667 1549 2758 Aethiopia
1590 2669 1903 2740 discedere
1922 2720 1944 2756 ,
2019 2669 2401 2759 maioresque
2460 2693 2625 2740 nunc
2683 2695 2780 2742 res
2836 2669 3088 2760 adgredi
3151 2685 3478 2757 statuerat3
3515 2695 3522 2700 ’

989 2794 1194 2872 neque
1254 2770 1418 2840 enim
1478 2774 1758 2841 sufficere
1815 2771 1876 2840 ei
1931 2772 2266 2843 videbatur
2320 2775 2375 2843 si
2431 2774 2669 2843 viritim
2732 2776 3126 2862 praedaretur
3142 2822 3166 2859 ‚
3240 2773 3361 2844 nisi
3418 2788 3482 2844 et

984 2897 1179 2964 pagos
1240 2889 1421 2963 atque
1482 2872 1712 2961 oppida
1767 2872 2107 2944 invaderet.
2235 2877 2433 2966 Igitur
2487 2875 2775 2947 adsumtis
2837 2874 3016 2947 sociis
3036 2927 3057 2961 ,
3125 2874 3479 2965 cunctisque

980 2982 1167 3050 rebus
1225 2978 1348 3049 suis
1406 2975 1475 3045 in
1514 2975 1785 3046 iumenta
1811 3027 1832 3063 ‚
1892 3001 2052 3066 quae
2107 2983 2297 3048 multa
2351 2980 2622 3049 habebat
2645 3031 2666 3066 ‚
2726 2994 2790 3049 et
2830 2984 3088 3048 camelos
3145 2999 3274 3045 non
3331 3001 3476 3066 pau-

968 3105 1092 3154 fcos
1128 3077 1428 3169 impositis
1445 3130 1467 3166 ,
1529 3079 1922 3168 Aethiopiam
1963 3081 2256 3171 reliquit,
2325 3097 2387 3151 et
2427 3088 2778 3176 Aegyptum
2818 3096 2999 3168 atque
3035 3081 3477 3152 Alexandriam

981 3201 1074 3258 est
1128 3191 1440 3276 profectus
1468 3235 1490 3269 ‚
1560 3205 1919 3275 rursumque
1973 3187 2343 3258 Phoenicem
2402 3201 2464 3255 et
2505 3185 2740 3278 Syriam
2794 3184 2966 3255 adire
3022 3183 3474 3272 meditabatur;

980 3289 1277 3360 Anthiam
1319 3304 1517 3359 autem
1575 3285 1698 3357 iam
1754 3311 1884 3358 esse
1939 3309 2241 3360 mortuam
2281 3293 2555 3379 putabat.
2682 3287 3130 3376 Amphinomus
3170 3309 3326 3358 vero
3351 3339 3373 3374 ,
3419 3288 3474 3359 is

982 3392 1091 3483 qui
1132 3397 1212 3462 ad
1266 3397 1488 3462 fossam
1531 3405 1732 3462 custos
1793 3391 1853 3460 ei
1893 3397 2091 3463 fuerat
2131 3392 2443 3481 adpositus
2468 3443 2490 3479 ‚
2558 3416 2813 3481 eamque
2854 3395 3219 3479 adamabat,
3251 3414 3473 3481 ⁸quum

888 3525 893 3528 ’
985 3520 1053 3567 se
1112 3519 1150 3565 a
1205 3492 1455 3584 virgine
1509 3493 1766 3580 divelli,
1833 3491 2014 3565 simul
2064 3509 2322 3584 propter
2379 3496 2544 3566 illius
2603 3518 2873 3567 amorem
2889 3547 2914 3581 ‚
2978 3494 3159 3566 simul
3216 3510 3473 3583 propter

981 3596 1322 3687 perniciem
1343 3647 1365 3684 ,
1428 3618 1586 3684 quae
1647 3595 1708 3666 ei
1761 3596 2065 3684 instabat,
2128 3620 2255 3669 non
2311 3599 2636 3671 sustineret
2653 3650 2674 3685 ‚
2740 3599 3173 3686 Hippothoum
3212 3620 3339 3668 non
3379 3613 3473 3672 est

980 3713 1316 3789 sequutus,
1376 3704 1486 3769 sed
1541 3699 1704 3774 inter
1764 3716 1856 3773 tot
1923 3700 2076 3772 alios
2132 3702 2400 3789 fefellit,
2464 3707 2773 3773 occultans
2828 3725 2894 3772 se
2956 3702 3024 3772 in
3084 3716 3257 3774 antro
3318 3725 3518 3792 quo·

977 3809 1119 3877 dam
1138 3856 1159 3891 ,
1227 3826 1351 3893 quo
1395 3802 1518 3874 sibi
1561 3804 1797 3876 cibaria
1855 3811 2203 3895 collegerat,
2329 3809 2498 3875 Dum
2536 3805 2936 3894 Hippothous
2976 3821 3159 3877 nocte
3216 3809 3296 3876 ad
3353 3829 3470 3894 pa-

974 3921 1124 3997 gum
1188 3905 1501 4000 Aegypti,
1564 3931 1748 3996 quem
1807 3907 2028 3978 Arium
2088 3922 2370 3997 vocant,
2432 3910 2708 3999 accedit,
2767 3907 3037 3996 diripere
3095 3931 3236 3980 eum
3297 3907 3464 3979 insti·

978 4024 1193 4097 tuens,
1238 4009 1472 4083 interea
1510 4010 1959 4100 Amphinomus
1999 4015 2225 4084 fossam
2263 4016 2462 4103 aperit
2480 4068 2502 4104 ‚
2547 4028 2612 4089 et
2649 4013 2942 4085 Anthiam
2982 4010 3191 4110 educit
3208 4062 3231 4101 ,
3275 4027 3463 4103 atque
