3969 5126
964 558 1110 612 XIV

959 673 1161 745 chius
1221 683 1465 744 narrat
1524 684 1757 743 totum
1817 693 2043 769 paene
2088 663 2589 767 Xenophontis
2642 669 2962 743 libellum
3006 671 3094 748 ab
3132 670 3445 744 Salvinio

963 798 1090 846 sua
1131 797 1347 846 manu
1388 775 1821 871 exscriptum
1860 772 2174 846 Henrico
2209 771 2659 845 Davenantio
2666 797 3010 870 ,magnae
3040 771 3444 849 Britanniae

958 872 1174 973 Regis
1226 873 1315 947 ad
1354 871 1695 972 Magnum
1731 872 2016 947 Duceni
2053 874 2430 948 Hetruriae
2472 873 2736 971 legam,
2793 873 3010 947 fuisse
3063 877 3444 947 traditum:

962 979 1163 1048 ouius
1209 975 1594 1073 apographi
1635 975 1745 1045 vir
1790 974 1907 1047 ille
1951 975 2040 1048 de
2100 977 2324 1048 literis
2367 977 2632 1091 optime
2682 978 2982 1049 meritus
3032 979 3288 1050 iterum
3329 974 3443 1047 de·

958 1075 1343 1249 {eribendi²
1384 1076 1932 1175 'interpretandi.
1991 1093 2203 1176 atque
2248 1058 2576 1150 edendi
2548 1078 2830 1174 copiam
2879 1077 3010 1152 sibi
3070 1077 3446 1173 (Cocchio)

993 1192 1211 1250 ecerit
1259 1187 1313 1227 ³⁰

962 1368 969 1375 =
1060 1271 1251 1351 Tres
1286 1278 1633 1351 editiones
1671 1275 2173 1376 Xenophontis
2213 1275 2503 1376 Ephesii
2535 1279 2724 1352 hanc
2765 1297 3083 1354 nostram
3124 1300 3446 1376 praeees-

961 1394 1226 1455 serunt.
1336 1378 1675 1476 Princeps
1726 1395 1835 1451 est
1888 1378 2057 1453 Ant.
2115 1379 2434 1469 Cocchii‚
2489 1380 2751 1452 medici
2795 1377 3229 1468 Florentini‚
3284 1402 3452 1450 cum

963 1482 1238 1556 adiecta
1282 1482 1614 1553 versione
1656 1482 1806 1554 eius
1861 1476 2112 1556 Latina
2158 1478 2464 1554 Londini
2516 1483 2733 1587 1726.
2777 1483 3160 1576 quaternis
3189 1489 3235 1531 ³¹
3343 1477 3451 1551 In-

961 1583 1245 1655 curiose
1304 1580 1694 1655 admodum
1749 1585 1860 1654 vir
1915 1583 2034 1655 ille
2073 1582 2384 1667 editoris
2432 1570 2671 1681 partes
2726 1583 2910 1678 egit:
2968 1607 3134 1655 nam
3174 1582 3452 1654 nonnisi

932 1704 1356 1780 perpaucas
1413 1685 1705 1757 vitiosas
1756 1686 2127 1776 lectione3‚
2185 1708 2359 1781 quas
2419 1687 2603 1761 inter
2667 1682 3123 1755 scribendum
3175 1698 3298 1755 aut
3354 1684 3454 1753 in-

963 1784 1505 1881 terpretandum
1566 1777 1754 1857 forte
1794 1784 2421 1876 animadverterat,
2479 1783 2918 1858 clandestina
2959 1784 3456 1855 emendatione

965 1884 1292 1958 sustulit:
1353 1901 1674 1959 ceterum
1731 1911 1895 1958 non
1928 1884 2147 1958 modo
2208 1843 2687 1985 indiligentius
2734 1883 3114 1980 descripsit
3159 1908 3454 1983 apogra-

962 1986 1186 2086 phum
1232 1977 1571 2079 Salvinii‚
1626 1990 1724 2062 ita
1766 1987 2057 2085 quidem
2115 1988 2375 2062 utalia
2434 2009 2813 2086 perperam
2876 1987 3264 2077 scriberet,
3321 1986 3459 2059 alia

967 2189 999 2222 e
1037 2169 1356 2240 rugginosi,
1372 2167 1592 2230 scritto,
1618 2166 1679 2219 in
1696 2168 1904 2242 forma
1925 2168 2164 2239 quadra,
2250 2171 2404 2221 euius
2461 2167 2760 2242 epistolam
2817 2167 2891 2222 ad
2926 2166 3104 2220 Henr.
3148 2167 3454 2219 Davenan·

964 2239 1021 2304 lo
1048 2251 1147 2304 che
1182 2252 1212 2301 ἑ
1241 2268 1356 2321 pur
1388 2266 1565 2319 regno
1592 2249 1635 2300 d
1648 2249 1964 2316 ’antichita'‚
2001 2251 2054 2302 si
2090 2251 2166 2302 ri·
2251 2250 2403 2303 tium
2455 2255 2513 2303 in
2555 2252 2742 2305 fronte
2772 2253 3040 2305 versionis
3075 2250 3303 2302 Itaiieae
3340 2250 3457 2303 Xe-

964 2342 1130 2387 trova
1163 2333 1314 2385 nella
1356 2330 1584 2384 libreria
1617 2323 1705 2385 de'
1735 2334 1887 2386 dotti
1930 2332 2172 2387 Monaci

962 2415 1116 2469 della
1147 2412 1354 2468 celebre
1394 2413 1582 2466 Radia
1606 2414 1670 2466 di
1698 2410 1943 2469 strenze.
1992 2415 2167 2469 Dein-

963 2497 1036 2551 de
1071 2501 1129 2550 in
1167 2499 1414 2569 margine
1448 2497 1784 2568 exemplaris
1831 2496 2070 2562 Cocchii,
2097 2496 2168 2551 de

965 2598 1077 2651 quo
1116 2596 1253 2632 mox
1303 2596 1426 2630 sum
1476 2577 1738 2642 dicturus,
1784 2581 1923 2632 haee
1966 2580 2047 2633 “ab
2100 2597 2169 2633 eo

965 2660 1250 2732 adscripta
1290 2663 1508 2734 reperit
1560 2660 1690 2713 Tres
1715 2657 1940 2733 antiq'ui
1973 2678 2170 2714 exem-

965 2742 1155 2814 plaris
1189 2742 1442 2814 paginae
1466 2742 1898 2813 quatuordecim
1938 2741 2169 2795 harum·

966 2844 1030 2878 ce
1072 2832 1401 2877 nostrarum
1437 2822 1743 2890 (editionis
1779 2826 1992 2878 seilicet
2022 2825 2171 2878 Lon·

964 2904 1117 2971 din.)
1158 2915 1494 2977 aequantur,
1539 2906 1779 2960 minutis
1811 2906 1950 2959 adeo
1988 2907 2171 2960 literis

968 2988 1324 3059 descriptum
1365 2996 1469 3041 est.
1536 2990 1698 3042 Conf.
1727 3007 1891 3060 quae
1917 3007 1992 3043 ex
2037 3000 2173 3043 nota

976 3069 1200 3135 Caco-‚hii
1239 3074 1297 3122 in
1336 3069 1517 3123 fronte
1562 3069 1882 3138 Chat-iloni:
1916 3090 1953 3125 a
1994 3090 2055 3124 se
2100 3089 2173 3125 ex

974 3152 1181 3210 eodem
1229 3151 1370 3205 cod.
1400 3152 1552 3214 Flor.
1591 3152 1849 3226 descripti
1881 3153 2175 3227 adposita,

967 3236 1156 3289 retulit
1194 3234 1275 3286 D'
1286 3234 1483 3287 orvill.
1534 3238 1593 3287 in
1629 3236 1866 3309 praefat.
1903 3236 1979 3290 ad
2014 3254 2173 3289 suam

976 3316 1265 3373 Chariton.
1295 3316 1430 3372 edit.
1464 3317 1558 3371 ubi
1597 3320 1713 3370 alia
1751 3318 2027 3391 opuscula
2067 3319 2169 3371 illo

971 3399 1163 3455 codice
1209 3410 1471 3469 contenta
1526 3412 1949 3470 enumerantur.
2009 3418 2171 3474 prae·

971 3486 1226 3535 termissa
1262 3499 1397 3535 vero
1450 3482 1528 3534 ibi
1580 3483 1753 3537 habet
1788 3482 2173 3555 Monffaucon

972 3564 1089 3617 (1.1.
1165 3560 1331 3615 Adde
1378 3581 1544 3634 porro
1591 3565 1892 3637 Ephemer.
1921 3565 2172 3636 Flos-eun

975 3644 1241 3712 (Novello
1310 3645 1660 3714 Letterarie)

975 3727 1129 3800 Sept.
1152 3746 1201 3779 a.
1238 3745 1411 3801 ²729·

1058 3827 1162 3877 30.
1194 3808 1340 3862 vide
1378 3808 1524 3862 Eius
1564 3812 1863 3882 epistolam
1899 3811 1976 3867 ad
2008 3810 2172 3867 Πιεο-

970 3890 1118 3963 phs'l.
1156 3883 1533 3963 Hastingiaeim
1575 3893 1778 3947 Comit.
1820 3895 2172 3968 Huntingfo-

980 3972 1264 4036 niaaefiuae
1284 3974 1678 4048 Xenophontis
1699 3975 1930 4050 editioni
1966 3996 2175 4052 prooe-

981 4058 1095 4123 mii·
1131 4056 1258 4110 loeo
1312 4056 1643 4131 praefixam,
1688 4061 1933 4136 itemque
1981 4064 2173 4135 nesci-o

1733 3647 1809 3702 ad
1842 3647 2009 3702 *diem
2078 3668 2099 3701 ι
2115 3667 2171 3772 7.

2249 2332 2418 2403 noph.
2449 2332 2691 2404 Ephesii
2717 2334 2792 2389 ab
2820 2331 2899 2386 A.
2925 2333 3017 2384 M.
3037 2330 3289 2384 Salviaio
3326 2349 3458 2386 con·

2247 2413 2451 2470 fectae.

2337 2518 2440 2567 3¹·
2490 2480 2660 2571 Apud
2703 2497 2990 2552 Guilielm.
2998 2495 3256 2567 Bowyer.
3302 2466 3452 2549 Novi

2253 2580 2479 2651 quidem
2505 2580 2698 2635 doctos
2738 2581 3030 2652 quosdam
3047 2582 3195 2631 viros
3219 2579 3454 2631 Floren-

2254 2664 2401 2714 tinos
2437 2679 2639 2733 negare
2673 2665 2818 2717 hane
2848 2662 3154 2717 editionem
3185 2659 3454 2725 Londini,

2252 2755 2425 2816 prout
2467 2746 2657 2798 titulus
2693 2745 2821 2811 fert,
2857 2742 3153 2818 prodiisse,
3186 2741 3289 2796 sed
3319 2742 3367 2795 F
3369 2744 3453 2796 lo·

2254 2830 2467 2879 rentiae
2499 2829 2650 2898 typis
2699 2845 2961 2881 excusam
3005 2826 3174 2878 fuisse
3221 2836 3450 2878 eonten-

2256 2906 2409 2970 dere3
2442 2907 2616 2977 (quod
2654 2921 2708 2962 et
2734 2928 2913 2982 nuper
2937 2908 3086 2961 P.M.
3109 2906 3450 2962 Paciaudius

2253 2992 2310 3042 in
2347 2990 2650 3059 Proioquio
2678 2989 2747 3043 de
2784 2992 2939 3063 libris
2966 2992 3454 3060 erotic.antiquor.

2255 3069 2330 3124 ad
2381 3073 2736 3126 Parmensem
2788 3070 2981 3142 Longi
3014 3071 3293 3124 Pastoral.
3336 3071 3454 3125 edi·

2255 3157 2467 3207 tionem
2509 3172 2576 3230 .P·
2609 3173 2710 3225 53.
2755 3152 3151 3215 adseveravit)
3225 3171 3454 3217 verum,

2256 3235 2456 3307 quibus
2492 3241 2827 3307 argumentis
2860 3238 3111 3310 persuasi
3141 3235 3250 3288 hoc
3289 3235 3451 3288 adfir-

2257 3330 2430 3380 ment,
2449 3337 2671 3390 prorsus
2697 3322 2926 3390 ignoro:
2974 3318 3077 3371 hoe
3115 3336 3281 3370 unum
3317 3321 3455 3384 scio,

2253 3400 2442 3454 literas
2468 3403 2899 3474 typographicas
2936 3399 3198 3453 editionis
3237 3397 3462 3452 Coo-chii

2254 3483 2568 3536 simillimas
2604 3502 2726 3536 esse
2764 3485 2895 3550 iltis,
2940 3482 3136 3554 quibus
3173 3482 3325 3536 idem
3370 3494 3453 3553 ty-

2254 3567 2578 3638 pographus
2622 3566 2775 3618 Guil.
2817 3565 3064 3634 Bouyer
3104 3563 3352 3617 Londini
3396 3583 3456 3616 a.

2264 3666 2437 3715 ¹7²¹·
2474 3651 2691 3702 octonis
2730 3646 2953 3703 excudit
2985 3646 3221 3699 Homeri
3256 3646 3455 3699 Batra-

2260 3731 2780 3802 ohomyomachiam
2807 3741 3032 3785 curante
3069 3728 3250 3781 Mich.
3268 3730 3451 3780 Mait-

2258 3814 2426 3886 taire,
2468 3825 2635 3885 atque
2670 3814 2780 3867 iuis
2814 3817 3042 3886 pariter,
3077 3805 3273 3883 quibus
3312 3812 3452 3864 alter

2251 3896 2642 3967 typographus
2677 3895 2728 3950 I.
2745 3895 3092 3949 Rem-aluam
3134 3896 3189 3946 in
3229 3891 3467 3966 edendo·

2258 3977 2413 4052 Rufo
2444 3977 2703 4050 Ephesio
2743 3978 2812 4032 de
2854 3980 2980 4031 Nat.
3003 3978 3165 4029 Hom.
3205 3976 3454 4032 Londini

2261 4065 2542 4134 quaternis
2576 4061 2778 4118 eodem
2807 4080 2957 4117 anno
2990 4061 3165 4131 ⁸72⁶·
3187 4075 3315 4112 usus
3350 4070 3455 4114 est.
