3969 5126
101 1109 110 1116 .
145 1105 198 1148 ,ι
249 1104 334 1192 ἦ..

157 1159 260 1224 *⁸5³
339 1171 388 1198 A*
469 1164 492 1198 t'

929 599 1052 652 202
1315 569 1320 576 '
1497 582 2589 669 ΑυιιοτΑΤι-οιιεε
2714 583 2843 638 ιιι

929 734 992 788 p.
1017 714 1113 784 96.
1129 731 1182 765 v.
1210 729 1305 781 ¹3·
1321 726 1409 777 14·
1443 711 1529 763 his
1573 722 1760 764 autem
1803 714 1857 763 in
1891 710 2030 763 locis
2051 694 2269 781 ἄκαιρος
2305 725 2419 762 non
2452 719 2567 761 tarn
2598 725 2719 761 esse
2758 706 3215 780 intempestivus,
3250 725 3419 781 quam

930 798 1292 868 importunus
1333 805 1389 846 et
1422 793 1652 845 noxius.

1123 870 1190 936 P.
1210 867 1313 953 46.
1347 886 1410 932 V.
1433 883 1494 951 4.
1540 863 1808 944 Λάμπων]
1857 872 2010 926 Haec
2054 884 2139 927 est
2184 872 2351 925 lectio
2382 869 2851 926 cod.Ftor.1n
2891 870 3018 927 edd.
3051 888 3185 925 vero
3229 883 3312 925 est
3350 887 3416 926 το

933 949 1146 1025 λοιπὸν,
1171 957 1325 1030 quod
1361 975 1593 1017 rursum,
1615 956 1812 1028 procul
1836 954 2036 1020 dubio,
2079 955 2331 1008 Salvinio
2357 953 2610 1018 debetur,
2637 957 2731 1025 qui
2768 958 2929 1008 vertit
2960 971 3070 1025 per
3102 954 3420 1006 l'avverrire.

930 1045 998 1097 In
1041 1046 1298 1095 versione
1328 1038 1550 1091 Cor-chia·
1586 1040 1782 1109 legitur
1832 1038 1937 1091 sed
1962 1038 2067 1091 lzoe
2100 1046 2157 1090 te
2186 1054 2408 1130 precor,
2437 1038 2594 1108 qued
2615 1037 2802 1089 adhue
2820 1036 3047 1109 fecisti,
3089 1045 3156 1089 ut
3184 1045 3243 1088 et
3270 1053 3423 1088 nunc

930 1126 1102 1197 pium
1147 1141 1284 1193 erga
1338 1139 1433 1173 me
1486 1123 1546 1173 [ε
1578 1119 1892 1190 ρνασῠσως
1934 1125 2016 1173 ita
2065 1133 2125 1173 ut
2175 1120 2275 1172 ille
2302 1136 2367 1175 το
2412 1110 2603 1174 >temer
2652 1135 2855 1191 parurn
2895 1136 3113 1172 curasse
3152 1117 3420 1172 videatur.

935 1207 1141 1279 Friget,
1171 1204 1386 1297 inquiet
1422 1204 1644 1297 aliquis,
1666 1203 1808 1255 illud
1843 1191 2101 1267 Λάμπων,
2131 1214 2191 1255 ut
2216 1200 2363 1256 adeo
2398 1205 2593 1256 mirum
2628 1220 2747 1254 non
2774 1206 2843 1255 sit
2880 1202 3228 1255 substitutum
3257 1201 3423 1253 fuisse

934 1288 1007 1344 ab
1036 1286 1288 1341 salvinio
1322 1274 1385 1341 τὸ
1415 1274 1629 1344 λοιπᾶν.
1675 1285 1806 1338 Νοιι
1844 1283 2094 1346 inficior·
2138 1297 2195 1338 at
2225 1282 2365 1336 illud
2403 1295 2591 1337 tamen
2614 1283 3085 1355 Xenophonteum
3120 1300 3241 1335 esse
3277 1282 3422 1336 iudi·

936 1390 1024 1437 eo,
1048 1372 1263 1443 quippe
1292 1372 1378 1422 cui
1412 1368 1712 1420 familiares
1740 1384 1862 1420 esse
1889 1369 2142 1421 noverim
2180 1370 2469 1420 nominum
2506 1369 2865 1439 propriorum
2896 1368 3273 1440 repetitiones,
3303 1368 3421 1418 sive

935 1454 1243 1527 gravitatis,
1286 1453 1405 1503 sive
1439 1452 1853 1524 perspicuitatis
1891 1467 2126 1504 caussa·
2170 1466 2344 1521 quare
2380 1452 2556 1502 etiam
2597 1450 2702 1503 has
2744 1453 3138 1523 repetitiones,
3183 1446 3425 1501 Salvia&

933 1533 1223 1607 exemplo,
1268 1537 1326 1585 in
1362 1536 1616 1585 versione
1653 1535 1894 1585 servavi.

1073 1609 1194 1686 Ρ.
1199 1606 1320 1691 46.
1342 1626 1407 1673 V.
1435 1624 1497 1690 4.
1543 1599 1606 1678 ὃς
1637 1602 1807 1686 μέχρι
1849 1610 1938 1670 νῦν
1970 1601 2317 1684 ἕυσὲβησας]
2364 1614 2536 1668 Forte
2577 1631 2661 1679 ος.
2708 1607 2852 1684 [Pro
2892 1632 2987 1679 ως,
3030 1611 3184 1708 quod
3213 1612 3424 1667 habent

941 1699 1075 1756 edd.
1110 1697 1212 1753 sed
1249 1698 1397 1751 male
1433 1714 1560 1750 mea
1599 1691 1928 1767 sententia]
1977 1695 2065 1749 At
2101 1695 2323 1750 obsecro
2360 1705 2417 1749 te
2440 1714 2636 1768 porro,
2679 1695 2924 1768 capt-ari,
2964 1696 3066 1768 qui
3102 1695 3213 1748 huc
3250 1713 3425 1768 usque

932 1785 1217 1857 pietatem
1260 1797 1397 1851 erga
1435 1798 1528 1832 me
1568 1779 1809 1831 voluisti.
1877 1780 2125 1840 Retiueri
2160 1790 2351 1852 potest
2383 1797 2475 1842 ως,
2521 1780 2621 1832 sed
2662 1792 2777 1832 tum
2813 1784 2994 1832 oratio
3033 1791 3174 1841 tota,
3214 1789 3424 1832 mutato

930 1867 1113 1919 solum
1168 1870 1329 1916 unius
1367 1861 1625 1915 dictionis
1664 1873 1926 1923 accentu,
1969 1864 2052 1914 sic
2089 1874 2171 1914 est
2220 1861 2702 1933 interpungenda:
2749 1850 2899 1915 ἀλλὰ
2951 1851 3145 1924 δέομαί
3173 1878 3309 1924 σου,
3358 1878 3426 1916 το

940 1934 1156 2008 λοιπὸν,
1202 1939 1443 2039 [nempe
1481 1948 1557 1997 sic
1595 1945 1841 2036 legerat
1840 1946 1922 1996 vir
1959 1942 2155 1996 doctus
2185 1947 2243 1996 in
2280 1943 2414 1997 edit.
2443 1943 2690 1997 Londin.
2697 1938 2728 2016 ]
2773 1932 2989 2007 ἆιπὸλε,
3026 1932 3098 2008 ὦς
3119 1932 3286 2014 μέχρι
3319 1938 3428 2007 νῦν,

925 2015 1254 2095 ἓυσεβῆσας,
1296 2045 1358 2080 αν
1396 2017 1730 2090 οἷπσκτείννς,
1774 2012 1874 2097 κᾷῑ
1902 2014 2091 2090 ὅλίγρν
2124 2017 2313 2088 θάψον
2352 2043 2422 2090 με
2452 2021 2523 2091 τῇ
2562 2015 2913 2098 παρακειμένη
2953 2021 3028 2092 νῇ
3060 2037 3164 2080 etc.
3214 2025 3426 2079 Verum

938 2110 1162 2165 obsecro
1212 2118 1287 2172 te,
1329 2110 1575 2181 captari,
1619 2116 1687 2160 ut
1714 2125 1924 2179 porro,-
1939 2108 2421 2180 quemadmodum
2458 2108 2753 2180 hucusque
2766 2108 2989 2182 fecisti,
3030 2116 3255 2161 servata
3290 2126 3428 2179 erga

939 2212 1034 2247 me
1062 2193 1299 2264 pietate,
1344 2191 1397 2244 si
1421 2190 1795 2255 interemeris,
1847 2190 1942 2242 vel
1967 2190 2308 2262 pauxillum
2343 2189 2547 2244 obt-reos
2577 2193 2872 2245 ade‘rreente
2902 2201 3074 2244 terra.
3162 2192 3296 2244 Non
3327 2190 3424 2243 de·

935 2278 1057 2330 fore
1099 2274 1288 2337 credo,
1316 2275 1517 2344 quibus
1561 2274 1667 2327 hoc
1697 2273 2127 2347 praeferendum
2166 2273 2437 2327 videatur.
2486 2274 2774 2328 HEMST.
2964 2273 3244 2345 Equidem
3274 2277 3423 2347 prio·

939 2376 1058 2413 rem
1085 2360 1187 2410 viri
1216 2355 1370 2409 docti
1407 2355 1861 2412 emendationem
1901 2357 2067 2427 longe
2114 2356 2578 2428 praeponendam
2613 2374 2734 2410 esse
2782 2373 3140 2419 censueram,
3181 2354 3427 2454 proinde

937 2446 1004 2497 ei.
1026 2439 1342 2494 versionem
1381 2442 1493 2491 iam
1528 2438 2117 2503 adcommodaveram,
2136 2451 2436 2509 antequam
2475 2440 2611 2492 mihi
2652 2441 2815 2493 lectio
2842 2440 2908 2492 C.
2931 2440 3087 2492 Flor.
3121 2443 3354 2504 Λαμπων
3390 2458 3422 2492 e

932 2526 1184 2596 margine
1219 2523 1561 2596 exemplaris
1599 2521 1893 2576 Cocchiani
1926 2524 2292 2577 innotuisset·
2339 2539 2483 2577 nunc
2519 2540 2653 2577 vero
2689 2521 2872 2576 eidem
2908 2526 2965 2575 in
3003 2525 3129 2596 ipsa
3171 2524 3427 2578 oratione

929 2610 1115 2662 locum
1158 2623 1280 2659 esse
1318 2605 1702 2678 praebendum
1730 2608 2063 2659 existimavi.
2123 2606 2382 2659 Ceterum
2420 2607 2727 2677 Lamponis
2765 2610 2865 2677 pia
2906 2610 3275 2677 temperantia
3304 2622 3428 2658 eru-

937 2690 1082 2744 dito·
1093 2668 1310 2741 lectori‘
1340 2692 1396 2740 in
1431 2692 1763 2741 memoriam
1808 2685 2037 2741 reducet
2085 2687 2257 2759 plane
2287 2689 2526 2742 similem
2563 2689 2756 2742 coloni
2788 2692 2844 2741 in
2880 2687 3145 2758 Euripid.
3184 2689 3423 2745 Electra.

1135 2765 1204 2828 P.
1224 2761 1328 2845 46.
1349 2782 1414 2827 V.
1440 2778 1499 2843 5.
1530 2758 1664 2846 κᾷν]
1717 2771 1833 2823 Hoc
1870 2770 1997 2827 loco
2028 2771 2180 2823 valet
2220 2770 2412 2834 modo,
2452 2772 2681 2832 saltem,
2727 2783 2784 2824 ut
2823 2782 2880 2823 et
2928 2789 3046 2824 non
3086 2788 3213 2823 raro
3250 2771 3424 2831 alibi,

941 2868 993 2909 0.
1014 2871 1061 2906 c.
1081 2850 1237 2924 apud
1270 2851 1578 2906 Herodian.
1616 2853 1721 2905 lib.
1738 2853 1842 2905 IV.
1865 2867 1990 2916 c.4.
2018 2871 2059 2905 s
2076 2871 2166 2923 ³5.
2195 2853 2291 2908 lib.
2296 2854 2457 2907 vm.
2477 2874 2522 2908 c.
2549 2868 2607 2917 4.
2634 2873 2678 2907 s.
2699 2871 2793 2923 ²3·
2829 2850 3085 2925 apudD.
3108 2853 3424 2908 Mare.V1.

940 2938 1038 3008 36.
1083 2933 1220 2988 Act.
1249 2932 1457 3006 Apo-st.
1496 2936 1566 2987 V.
1599 2954 1688 3028 ι5.
1717 2947 1771 2988 et
1799 2935 1959 2988 Paul.
1993 2934 2103 3008 Ep.
2131 2934 2207 2989 ad
2247 2934 2497 2989 Corinth.
2522 2938 2600 2999 11,
2632 2956 2724 3000 ιι,
2756 2937 2846 2989 ι6.

1128 3009 1195 3074 Ρ.
1215 3007 1318 3092 46.
1342 3030 1406 3075 V.
1430 3025 1488 3090 5.
1544 3005 1733 3082 θάψον
1763 3010 1866 3089 με]
1910 3019 2106 3071 Veteri
2158 3019 2349 3089 lingua
2385 3007 2611 3083 saian»,
2657 3008 2888 3083 θάττω,
2928 3006 3158 3083 θάψειν,
3199 3004 3424 3077 &Hm

943 3099 1084 3155 nihil
1114 3110 1196 3153 est
1236 3098 1394 3152 aliud
1427 3117 1594 3170 quam
1634 3098 1898 3161 obruere,
1943 3096 2092 3153 unde
2126 3098 2330 3153 diversi
2368 3100 2829 3172 significationum
2882 3104 3023 3154 rami
3070 3101 3418 3185 propnllula·

948 3194 1093 3237 runt.
1138 3182 1259 3236 Iam
1301 3186 1686 3253 antiquissimo
1724 3195 1997 3255 tempore,
2041 3182 2270 3252 quando
2309 3182 2496 3236 ferinis
2536 3183 2779 3238 moribus
2815 3187 2930 3237 vita
2970 3183 3260 3236 hominum
3290 3201 3424 3254 age·
3488 3208 3521 3249 '.

934 3268 1120 3329 batur,
1167 3266 1446 3339 insepulta
1487 3264 1765 3319 cadavera
1800 3266 2209 3336 proiiciebant.
2281 3265 2413 3320 inde
2449 3277 2587 3320 tetro
2630 3285 2695 3320 ac
2730 3266 3014 3337 pestilenti
3045 3283 3258 3338 vapore
3291 3283 3423 3319 con-

941 3353 1113 3412 tacti,
1158 3349 1329 3401 humo
1372 3365 1616 3421 corpora
1651 3346 2039 3401 defunctorum
2073 3346 2309 3401 obruere
2354 3348 2695 3410 didicerunt,
2742 3350 2895 3418 quod
2942 3359 3025 3402 est
3058 3351 3285 3421 proprie
3318 3336 3443 3438 '⁹⁰3'

827 3461 836 3470 ·
936 3423 1107 3490 πἹιιν.
1193 3430 1469 3501 Buzyges,
1515 3434 1611 3502 qui
1641 3433 1853 3503 primus
1890 3428 2045 3501 apud
2081 3430 2451 3485 Athenienses
2478 3432 2842 3486 ,humanitatis
2881 3430 3090 3492 officia,
3132 3432 3286 3485 velut
3319 3449 3424 3503 pu·

942 3514 1119 3568 blicas
1153 3513 1329 3583 leges,
1375 3512 1508 3565 diris
1534 3525 1604 3565 ete
1626 3512 2076 3565 execrationibus
2110 3517 2327 3577 sanxit,
2372 3526 2431 3567 ut
2469 3514 2696 3568 foedum
2729 3531 2940 3567 morem
2972 3518 3190 3586 penitus
3226 3514 3422 3568 abole-

937 3607 1042 3658 ret,
1085 3586 1426 3665 κατηράσατο
1465 3601 1587 3658 τοῖς
1623 3612 1928 3666 περιορωσιι·
1953 3581 2130 3655 ὅὶταφε
2136 3613 2160 3648 r
2188 3613 2365 3660 σωαα,
2400 3608 2537 3651 teste
2566 3597 2884 3650 Scholiasta
2917 3594 3172 3666 Sophocl.
3202 3596 3279 3650 ad
3309 3598 3423 3649 An-

939 3682 1030 3749 tig.
1057 3680 1196 3730 26..
1245 3679 1451 3730 Verum
1485 3682 1589 3731 etsi
1629 3678 1719 3729 vel
1755 3678 2004 3753 pulveris
2042 3679 2388 3749 aliquantum
2434 3691 2514 3732 ter
2560 3681 2737 3752 plena
2776 3696 2943 3731 manu
2980 3678 3172 3732 fuisset
3207 3682 3421 3749 insper-

934 3777 1077 3824 sum,
1118 3762 1237 3812 sive
1281 3758 1444 3830 gleba
1488 3763 1542 3812 in
1588 3777 1653 3812 os
1694 3763 1928 3827 iniecta,
1972 3773 2194 3814 mortuo
2242 3763 2384 3813 iusta
2423 3761 2616 3816 fecisse
2661 3761 3051 3825 censebantur,
3091 3774 3421 3854 cautumque

935 3853 1058 3897 erat
1090 3843 1361 3913 religione
1401 3845 1646 3895 manium
1683 3845 1876 3912 quieti.
1967 3844 2087 3897 Hoc
2126 3842 2326 3897 Graeci
2366 3861 2480 3897 non
2517 3856 2730 3898 tantum
2757 3833 3167 3933 ι’πιμοιρᾶσθαι,
3209 3832 3418 3907 ε’παμᾶ-

934 3912 1728 3995 6821,s’⁷rcxsi‘r‚s'fftos'prcv,
1772 3913 2093 3987 ἐπιβάλλειν
2130 3921 2249 3991 νὴ,
2294 3927 2385 3979 vel
2426 3914 2600 3990 κόνιν,
2645 3927 2744 3982 sed
2785 3929 2954 3981 etiam
2997 3915 3224 3985 θᾶπΊειι
3262 3926 3420 3980 dixe—

934 4019 1079 4060 runt.
1142 4007 1273 4075 Quo
1317 4010 1541 4078 pietatis
1574 4007 1793 4059 vinculo
1819 4012 1999 4061 cuncti
2025 4010 2373 4073 tenebantur,
2415 4012 2585 4063 etiam
2618 4013 2677 4063 in
2712 4014 2807 4064 via
2846 4027 2977 4063 casu
2996 4027 3216 4099 ‚corpus
3259 4009 3420 4061 inhu-

938 4100 1146 4145 matum
1187 4100 1628 4164 praetereuntes,
1669 4090 1778 4143 nisi
1814 4094 1969 4164 gravi
2005 4091 2231 4164 piaculo
2275 4108 2337 4146 se
2378 4090 2742 4167 obstringere,
2784 4105 2949 4165 atque
2981 4079 3191 4157 ἐναγεῖς
3225 4090 3418 4145 haberi
