3969 5126
886 631 1731 691 XENOPHONT.
1859 636 2569 724 transivit.
2850 649 2997 719 151.

482 770 608 813 ture
659 755 971 812 Graculum
993 787 1066 801 -·
1092 758 1323 813 Dianae
1349 759 1667 832 Ephesiae.-
1709 758 1933 827 Strabo‚
1977 759 2307 816 Lucienus(
2343 762 2526 831 Quem
2565 763 2972 835 iniquissimum

484 838 714 896 modum
742 840 1030 896 indicandi
1055 853 1322 896 veterum*
1348 846 1679 918 scriptorum
1730 837 2051 898 testimonia
2090 861 2258 899 nemo
2290 845 2542 918 profecto
2587 851 2687 900 erit
2725 848 2972 902 erudito·

482 941 604 978 rum
641 927 776 994 quin
811 925 1019 979 millies
1056 928 1124 978 sit
1160 937 1513 989 exsecratusg
1558 937 1616 980 at
1653 925 1749 980 adi
1780 926 1951 982 modo
1991 928 2174 981 locum
2203 926 2394 982 Strab.
2414 928 2871 1002 lib.V11.p.593.
2894 930 2976 998 (et
3052 953 3059 958 ·

486 1006 561 1061 ad
602 1024 765 1077 quem
805 1005 881 1061 ibi
925 1010 1216 1080 respicitur
1234 1008 1492 1080 Xenoph.
1513 1008 1583 1063 de
1605 1007 1756 1083 Exp.
1778 1010 1909 1081 Cyri
1936 1009 2119 1065 lib.V.
2141 1029 2189 1064 c.
2211 1028 2268 1081 3.
2285 1030 2330 1066 s.
2356 1009 2438 1080 7.)
2468 1009 2616 1064 unde
2643 1015 2838 1083 procul
2871 1012 2972 1067 du-

484 1088 581 1142 bio
643 1100 804 1143 natus
842 1100 925 1141 est
961 1090 1138 1143 Dalei
1190 1108 1379 1155 error,
1426 1103 1481 1146 et
1514 1094 1700 1146 statim
1730 1094 2010 1164 intelliges
2052 1091 2125 1147 de
2162 1093 2391 1147 oraculo
2416 1093 2706 1165 Apollinis
2733 1091 2809 1148 ib'i
2848 1098 2975 1167 agi,

485 1171 760 1242 simulque
801 1171 1213 1227 animadvertes
1247 1173 1488 1228 Latinae
1527 1179 2000 1247 interpretationis
2028 1173 2221 1240 verba,
2265 1176 2491 1229 oraculo
2524 1176 2808 1229 monitum
2828 1178 2974 1229 Dia-

484 1270 594 1305 nae
634 1251 875 1315 emisse,
918 1272 1064 1326 quae
1103 1260 1418 1309 necessaria
1445 1256 1803 1318 distinctione
1843 1269 2054 1319 carent,
2097 1275 2391 1330 perperam
2431 1258 2749 1324 intellecta,
2794 1259 2981 1314 fraudi

487 1334 656 1389 fuisse
688 1335 844 1390 bono
871 1325 1142 1408 πολιᾶτρῳ
1163 1338 1536 1394 Harlemensi.
1622 1341 1688 1391 ln
1712 1340 1967 1393 Lucieno
1990 1339 2087 1393 diu
2110 1342 2382 1409 quaesivi,
2424 1339 2574 1394 unde
2611 1341 2839 1395 tandem
2871 1341 2982 1395 sibi

486 1417 709 1470 Daleus
740 1417 966 1471 Dianae
997 1411 1240 1484 μαντεῖον
1268 1419 1476 1494 fingere
1513 1409 1777 1492 potuerit,
1801 1439 1984 1493 neque
2020 1424 2208 1475 inveni
2247 1423 2356 1474 nisi
2394 1409 2803 1493 ἇπροςδιὸνυσον
2830 1435 2978 1478 certe

484 1500 668 1553 locum
708 1503 764 1552 in
796 1501 1038 1573 Lexiph.
1062 1503 1196 1554 Vol.
1218 1501 1296 1557 11.
1321 1521 1380 1577 p.
1398 1521 1432 1572 3
1441 1521 1539 1574 39.
1562 1522 1750 1574 quem,
1789 1507 1834 1556 si
1869 1505 2009 1557 ta‘nti
2043 1515 2144 1568 est,
2164 1499 2167 1506 ’
2187 1493 2460 1576 inspicere
2505 1503 2706 1557 licebit.
2791 1506 2979 1578 Magis

485 1582 670 1637 adhuc
709 1581 949 1636 absurde
983 1581 1240 1656 Carpzov.
1262 1584 1336 1638 ad
1365 1586 1536 1640 verba
1554 1583 1767 1640 Achill.
1798 1585 1924 1641 Tat.
1957 1585 2258 1640 lib.V11.c.
2286 1606 2305 1638 ι
2319 1605 2375 1657 5.
2394 1605 2455 1660 p.
2475 1587 2616 1645 620.
2652 1576 2685 1639 ἦ
2710 1572 2982 1659 ’Ἄρτεμις

487 1654 550 1722 οὗ
593 1652 890 1730 ‹bride-tm,
932 1683 1144 1719 novum
1184 1666 1473 1737 quoddam
1510 1671 1886 1722 testimonium
1924 1666 1995 1721 de
2021 1667 2248 1723 Dianae
2281 1668 2568 1762 Ephesiae
2612 1670 2845 1724 oraculo
2891 1686 2977 1723 re-

485 1751 697 1821 perisse
732 1746 837 1799 sibi
881 1752 1176 1819 persuasit,
1219 1749 1485 1803 lectorem
1523 1749 1598 1804 ad
1624 1747 1799 1806 modo
1837 1762 2089 1805 notatam
2130 1751 2305 1803 Dalei
2340 1745 2613 1816 αβλεψῖαι
2650 1751 2989 1807 emandans.

671 1820 741 1887 P.
769 1839 868 1888 11.
895 1837 959 1888 V.
980 1839 1040 1907 9.
1088 1822 1319 1886 σταδίων
1352 1820 1718 1906 ὅνδοῆκοντα]
1767 1835 2068 1907 Discrepat
2090 1833 2350 1887 nonnihil
2368 1831 2573 1888 Strabo
2608 1833 2704 1888 lib.
2725 1834 2890 1899 xw,
2913 1854 2975 1908 p.

483 1929 520 1983 9
526 1931 560 1981 5
572 1926 625 1965 2.
652 1914 749 1984 qui
773 1919 855 1965 ait
877 1952 896 1977 ,
938 1911 1011 1965 ab
1038 1912 1272 1986 Epheso
1299 1916 1743 1987 Colophonium,
1783 1928 1936 1970 recta
1974 1918 2298 1986 naviganti,
2342 1918 2447 1968 iter
2476 1932 2598 1969 esse
2632 1933 2733 1985 70·
2763 1915 2977 1972 stadio-

481 2012 622 2048 rum.
702 1994 879 2047 Initio
917 1995 1078 2047 huius
1113 2012 1303 2048 versus
1325 1995 1469 2050 Cod.
1494 1998 1542 2049 F
1547 1997 1651 2052 lor.
1678 1996 1851 2051 habet
1883 1986 2164 2061 διάπλους.

672 2068 739 2134 Ρ.
769 2085 867 2134 11.
890 2087 955 2133 V.
986 2086 1083 2134 10.
1123 2063 1314 2146 ἆληθῆ
1347 2067 1746 2151 umbrosae]
1793 2077 1882 2133 Sic
1913 2081 1974 2133 in
1998 2078 2299 2132 Homerico
2337 2078 2564 2149 Hymno
2589 2081 2648 2134 in
2666 2079 2856 2138 Ceret.
2879 2097 2978 2148 7¹·

480 2169 707 2230 rogatur
732 2158 854 2224 Sol,
898 2169 958 2211 ut
989 2175 1116 2211 vere
1142 2157 1293 2213 dicat
1327 2160 1500 2224 sicubi
1539 2178 1723 2216 caram
1760 2163 1975 2216 Cereris
2009 2172 2198 2218 natam
2230 2159 2493 2215 vidisset:
2537 2151 2857 2233 Νημερτὲως
2878 2179 2975 2228 μοι

447 2267 460 2270 2
480 2228 686 2306 fream,
731 2238 889 2305 φίλον
922 2229 1108 2306 τέκός,
1152 2225 1202 2295 ἕι
1238 2260 1342 2300 που
1377 2229 1625 2309 ὄπωπας.
1706 2243 1885 2316 Apud
1913 2243 2178 2297 Curtium
2196 2261 2329 2298 vero
2349 2243 2447 2297 lib.
2466 2245 2569 2298 IV.
2589 2262 2634 2297 c.
2657 2263 2710 2314 7.
2729 2247 2981 2298 carmine

482 2325 775 2396 propitiari
817 2323 1019 2377 dicitur
1058 2324 1307 2398 Iupiter,
1349 2335 1416 2380 ut
1449 2336 1671 2381 certum
1705 2326 1840 2381 edat
1877 2325 2191 2380 oraculum.
2277 2326 2470 2393 Quare
2495 2326 2616 2380 noli
2650 2328 2729 2378 ita
2765 2326 2978 2380 intelli-

482 2423 635 2477 gere,
663 2408 824 2476 quasi
847 2406 1178 2479 Apollinem
1210 2411 1530 2480 rogaverint
1560 2409 1818 2481 Ephesii,
1861 2419 1920 2461 ut
1956 2427 2030 2462 ne
2064 2408 2210 2461 falsa
2244 2403 2608 2479 respondeat,
2640 2405 2742 2460 sed
2774 2425 2977 2462 exora-

479 2487 617 2541 bant
651 2488 862 2540 scilicet
891 2482 1106 2559 Λοξίαν,
1140 2505 1214 2541 ne
1245 2488 1576 2561 ambignum,
1591 2490 1851 2544 redderet
1886 2507 2241 2565 responsum,
2264 2499 2434 2559 utque
2471 2491 2538 2542 iis
2569 2487 2814 2543 dilucide
2839 2506 2982 2566 ape·

479 2574 632 2635 riret,
673 2586 830 2641 quae.
851 2586 984 2621 vera
1020 2581 1164 2623 esset
1192 2571 1562 2626 Habrocomis
1600 2585 1656 2627 et
1688 2573 1937 2627 Anthiae
1964 2570 2149 2626 morbi
2182 2588 2397 2637 caussa,
2439 2589 2719 2642 quamque
2757 2582 2979 2627 certam

479 2652 814 2707 medicinam
847 2662 1133 2725 oporteret
1167 2652 1458 2708 adhibere.
1519 2655 1730 2709 Similis
1771 2657 1926 2709 locus
1965 2667 2049 2708 est
2084 2673 2144 2728 p.
2163 2674 2198 2727 9
2206 2673 2262 2725 5.
2288 2673 2341 2708 v.
2364 2671 2393 2707 π
2420 2683 2440 2695 ·
2462 2672 2521 2723 3.
2564 2653 2775 2707 Confer
2808 2672 2979 2730 prae·

481 2746 640 2791 terea
681 2750 827 2805 quae
870 2733 945 2787 ab
984 2723 1307 2797 Hem-werlu,
1347 2736 1454 2791 sibi
1490 2740 1698 2811 scripta
1725 2736 2186 2795 adnotationibus
2216 2738 2330 2788 suis
2362 2738 2590 2790 inseruit
2625 2734 2977 2793 doctissimus

479 2815 707 2872 Rulmlt.
725 2814 800 2868 ad
833 2814 1128 2870 Timaeum
1158 2837 1221 2912 p.
1246 2836 1269 2871 1
1289 2836 1380 2888 ¹3·
1548 2813 1556 2819 ’

669 2888 742 2960 P.
770 2905 868 2958 11.
886 2910 954 2959 V.
980 2905 1078 2959 11.
1109 2889 1316 2972 ταυτὰ]
1354 2900 1516 2955 Male
1540 2903 1600 2957 in
1625 2900 1756 2958 edd.
1785 2899 1983 2969 ταῦτα,
2024 2900 2176 2976 quod
2215 2904 2429 2957 correxi
2463 2902 2977 2957 monenteffemse.

667 3056 735 3125 P.
764 3074 859 3126 12.
878 3064 943 3125 V.
969 3075 1025 3123 Ι.
1056 3059 1488 3140 λυσσοδῖωκτοι]
1532 3068 1665 3122 Non
1696 3080 1877 3124 exstat
1910 3071 1971 3122 in
1992 3067 2166 3121 Thes.
2182 3066 2310 3119 Lat.
2328 3064 2422 3118 Gr.
2447 3064 2732 3137 Este-ph.
2763 3058 2968 3123 λυσσᾶ·

477 3138 676 3217 δῃιτος
703 3165 836 3202 vero
863 3148 970 3202 huc
1003 3166 1123 3204 non
1156 3149 1412 3221 quadrat.
1453 3151 1819 3205 ALBERTI.
1991 3148 2156 3216 Quae
2195 3159 2277 3200 est
2310 3147 2412 3200 illa
2443 3134 2651 3211 λύσσα,
2695 3151 2846 3201 cuius
2875 3154 2970 3202 sti.

478 3231 640 3284 mulis
674 3233 865 3302 agitati
902 3248 1007 3305 per
1049 3249 1225 3296 mare,
1266 3250 1372 3306 per
1412 3244 1583 3286 terras
1617 3231 1900 3303 fugerint?
1941 3233 2069 3285 Imo
2103 3229 2412 3284 latronibus
2441 3239 2523 3282 est
2556 3218 2971 3303 imputandum,

476 3311 631 3386 quod
670 3314 996 3384 longinquis
1048 3314 1324 3369 erroribus
1364 3315 1568 3368 fuerint
1609 3311 1889 3379 distracti,
1932 3318 2101 3386 inque
2137 3311 2538 3366 diversissimas
2576 3314 2831 3384 regiones
2871 3331 2969 3368 ex-

475 3395 646 3471 pulsi.
687 3396 1000 3468 Propterea
1030 3414 1223 3450 verum
1252 3396 1472 3451 videtur
1500 3386 1914 3461 λῃστοδῖωκτοι.
1942 3395 2396 3451 HEMSTERH.
2564 3394 2747 3448 Versu
2772 3410 2823 3447 2.
2857 3399 2973 3450 Mc-

476 3464 832 3552 ξοθιαλᾶσσος
858 3477 1194 3532 vocabulum
1227 3495 1347 3533 esse
1379 3478 1793 3552 lexicographis
1832 3481 2175 3554 incognitum
2195 3517 2214 3543 ,
2259 3489 2315 3531 et
2350 3476 2498 3532 belle
2531 3493 2646 3530 rem
2686 3480 2967 3552 exprime·

476 3578 537 3615 re
570 3558 863 3614 admonuit
897 3558 1205 3614 Albertius.
1241 3554 1252 3565 ”

669 3630 859 3701 P.12.
896 3651 1043 3719 τις..
1076 3635 1304 3713 Νείλου]
1363 3641 1484 3695 Nili
1520 3658 1731 3696 nomen
1783 3645 1968 3718 ipsum
2026 3646 2085 3697 in
2125 3642 2232 3696 hoc
2285 3640 2515 3696 oraculo
2564 3645 2805 3717 exprimi
2847 3660 2969 3697 non

478 3730 777 3797 convenit:
841 3742 976 3779 mox
1014 3727 1160 3778 enim
1189 3713 1741 3790 συμβάλλειν-οὔκ
1770 3709 2267 3803 {Surena—ofin
2301 3713 2329 3779 ὅ
2387 3715 2649 3790 ποταμὸς·
2674 3723 2778 3791 τίς.
2865 3727 2968 3779 At·
2988 3653 3011 3848 Ι

479 3812 572 3881 qui
610 3811 928 3863 coniectore
977 3825 1092 3861 non
1126 3819 1209 3861 est
1256 3824 1440 3882 opus,
1487 3819 1545 3862 nt
1577 3811 1758 3874 scias,
1802 3812 1849 3861 si
1891 3809 2055 3862 Nilus
2094 3806 2433 3881 appelletur,
2476 3806 2668 3861 Nilum
2711 3807 2969 3861 indicari.

482 3891 868 3958 Quamobrem
904 3891 1389 3945 verosimillimum
1432 3902 1515 3945 est
1558 3908 1751 3944 vocem
1794 3887 2050 3957 ποταμοῦ
2097 3889 2388 3964 epitheton
2426 3888 2663 3960 aliquod
2701 3889 2962 3943 habuisse
3011 3861 3146 3948 ἔνθ’

480 3991 810 4046 congruens,
851 3976 1003 4027 cuius
1033 3977 1210 4028 vicem
1239 3973 1467 4027 subierit
1496 3968 1717 4039 Νειλου,
1761 3977 1996 4046 margini
2032 3973 2373 4046 adscriptum
2405 3970 2803 4046 interpretandi
2838 3989 2967 4025 cau-
3017 4020 3024 4033 ,

481 4074 566 4110 sa.
633 4056 858 4110 Poterat
892 4069 1078 4110 autem
1102 4057 1327 4121 Noster,
1370 4057 1418 4109 si
1441 4055 1713 4121 libuisset,
1755 4074 1830 4110 ne
1865 4074 2079 4111 morem
2111 4055 2457 4110 oraculorum
2491 4065 2809 4107 consuetum
2849 4071 2969 4107 non

475 4139 815 4204 *imitar-etur,¹
831 4138 1114 4196 obscurius
1143 4139 1434 4196 involvere
1463 4138 1579 4194 hoc
1615 4140 1923 4204 oraculum3
1965 4158 2157 4196 verum
2190 4140 2248 4193 in
2290 4154 2363 4194 eo
2400 4154 2546 4211 quae
2580 4137 2743 4192 nimis
2770 4147 2968 4213 aperta
