3969 5126
2871 611 3054 676 XXV

549 726 715 801 inde
760 726 847 801 ab
889 722 1466 800 adnotationibus
1529 721 1618 795 ad
1661 744 1731 819 p.
1756 747 1879 818 55.
1908 744 1978 793 v.
2006 736 2075 808 3.
2113 720 2400 818 parcior
2442 720 2604 795 fui
2586 748 2657 796 m
2715 731 3058 807 transcri-

546 829 800 905 bendis
857 828 1437 928 diligentissimi
1442 823 1650 897 huius
1723 821 2071 921 philologi
2138 827 2790 943 comparationibus
2854 828 3050 904 loco-

548 954 741 1014 rum
770 931 1153 1020 similium,
1211 945 1424 1025 atque
1489 923 1836 1022 exemplis
1884 927 2370 1022 praesertim,
2420 928 2675 1024 quibus
2723 932 2789 1004 ei
2847 931 3052 1006 tritas

549 1032 701 1107 fere
742 1032 1083 1130 loquendi
1139 1029 1485 1104 formulas
1534 1027 1893 1100 illustrare
1943 1027 2236 1126 placuit,
2291 1052 2550 1103 verum
2597 1046 2837 1109 tamen
2879 1034 3054 1111 nihil

547 1138 763 1210 tacite
807 1135 1199 1233 suppressi,
1255 1155 1648 1228 numquam
1701 1155 1848 1203 non
1893 1130 2289 1205 admonens
2343 1130 2696 1206 lectorem
2739 1138 3050 1230 quoties-

550 1260 859 1335 cumque
912 1236 1083 1307 mihi
1126 1234 1393 1332 aliquid
1430 1234 1740 1306 'resecari
1784 1248 2122 1330 oportere
2159 1235 2400 1305 visum
2446 1248 2663 1324 esset,
2729 1259 2816 1307 eo
2860 1237 3053 1325 vide-

550 1339 739 1411 licet
775 1339 941 1428 fine,
997 1352 1079 1408 ut
1123 1338 1412 1427 omissa,
1471 1336 1593 1432 qui
1626 1333 1870 1433 legere
1904 1333 2133 1428 volet,
2191 1336 2262 1408 in
2302 1332 2700 1410 Miscellan.
2738 1334 3050 1412 Observ.

550 1443 769 1521 sciret
822 1439 954 1512 sibi
1007 1462 1165 1512 esse
1222 1436 1650 1555 quaerenda.
1675 1439 1727 1487 ⁵⁸

651 1541 732 1616 In
776 1544 953 1614 meis
991 1542 1303 1640 propriis
1343 1536 1947 1628 adnotationibus,
1999 1537 2127 1612 ubi
2168 1538 2338 1636 quid
2381 1539 2887 1617 illustrandum
2932 1565 3052 1618 ex·

551 1643 1007 1745 planandum,
1057 1642 1561 1717 stabiliendum
1613 1654 1829 1733 esset,
1882 1639 2309 1739 plerumque
2347 1643 2567 1717 malui
2622 1668 2803 1759 quae
2848 1670 3052 1743 prae-

553 1761 662 1821 sto
688 1760 928 1820 essent
968 1748 1209 1819 omnia
1236 1744 1765 1848 propemodum
1795 1766 2225 1841 expromere
2261 1749 3052 1842 praestantissimorum

546 1848 1081 1949 philologorum
1129 1848 1508 1947 exemplo,
1562 1870 1847 1920 memor
1887 1860 2235 1942 quantum
2283 1847 2456 1919 mihi
2514 1848 2690 1921 olim
2745 1850 3053 1965 profuis-

546 1966 657 2026 set
713 1953 873 2027 talis
928 1952 1265 2043 ubertas,
1323 1973 1539 2048 quam
1587 1948 2098 2024 redundantiae
2146 1951 2670 2023 incusationem
2725 1955 3047 2044 veritus,

545 2058 848 2135 reticere
901 2074 1043 2145 ea,
1069 2078 1251 2151 quae
1291 2053 1383 2127 ad
1429 2052 1915 2149 copiosiorem
1963 2053 2068 2124 rei
2116 2050 2677 2125 declarationem
2722 2053 3050 2151 profutu-

544 2181 627 2232 ra
658 2184 817 2232 esse
855 2157 1277 2232 arbitrabar.
1283 2164 1333 2207 ⁵⁹
1441 2153 1772 2246 Gratum,
1830 2155 2115 2254 opinor,
2173 2176 2255 2227 ac
2296 2157 2562 2256 volupe
2600 2179 2758 2227 esse
2796 2157 3048 2255 pleris-

548 2285 686 2358 que
729 2260 1122 2335 lectoribus
1185 2257 1425 2348 debet,
1484 2259 1543 2329 si
1593 2256 1684 2331 ad
1746 2279 1914 2334 eum
1963 2270 2385 2348 auctorem,
2445 2280 2661 2353 quem
2711 2259 3046 2333 manibus

549 2378 874 2450 teneant,-
932 2364 1297 2433 inveniant
1344 2361 1582 2431 statim
1622 2357 1902 2433 adiecta
1942 2381 2125 2452 quae
2191 2359 2263 2428 in
2323 2358 2647 2454 pluribus
2702 2359 2902 2432 libris
2947 2362 3047 2433 di-

551 2487 797 2559 spersa
849 2460 1088 2535 forent
1141 2457 1590 2557 quaerenda,
1649 2480 1830 2554 quos
1880 2458 2104 2530 libros
2155 2457 2543 2547 interdum,
2602 2460 2882 2533 etiamsi
2919 2487 3042 2536 ve·-

550 2563 701 2657 lint,
751 2561 1130 2641 consulere
1178 2575 1568 2662 propterea
1603 2576 1983 2658 nequeant,
2036 2560 2231 2659 quod
2273 2558 2407 2636 illis
2451 2576 2762 2637 careant.
2871 2562 3042 2640 Dixi

641 2806 737 2867 53.
782 2791 1004 2862 Quibus
1061 2792 1224 2846 Misc.
1262 2789 1498 2845 Observ.
1533 2807 1750 2866 suppe-

558 2889 711 2942 tunt,
752 2880 789 2930 ii
829 2876 1062 2929 fortasse
1098 2874 1424 2930 iudicabunt
1462 2892 1551 2928 me
1581 2876 1748 2948 p‘lnra

559 2960 799 3018 recidere
834 2957 1130 3021 debuisse,
1175 2970 1367 3011 contra
1407 2961 1500 3029 qui
1552 2960 1619 3011 iis
1657 2975 1749 3011 ca·

553 3054 693 3106 rent,
731 3052 1029 3114 querentur
1073 3039 1217 3094 forte
1254 3058 1346 3093 me
1398 3043 1564 3094 nimis
1605 3041 1747 3094 mul-

547 3136 607 3178 ta
655 3126 922 3179 omisisse.
1008 3121 1268 3176 Profecto
1327 3141 1400 3176 ex
1452 3121 1749 3176 Abresclu'i

1831 2806 1963 2844 nem
2011 2806 2135 2843 cum
2168 2788 2429 2845 dictionis
2479 2802 2598 2845 tum
2641 2805 2830 2849 rerum
2882 2796 3041 2867 ipsa-

1830 2890 1954 3007 :ium
2012 2875 2157 2927 inter
2204 2875 2446 2930 creticos
2497 2878 2793 2950 scriptores
2847 2889 3037 2933 osten·

1874 2972 2047 3110 mg?
2061 3037 2369 3108 Ructatur,
2413 3042 2630 3110 inquit,
2669 3039 2751 3094 D’
2764 3041 3039 3097 Orville‘us

1831 3119 1907 3173 ad
1945 3120 2159 3175 Charit.
2200 3140 2264 3194 p.
2300 3127 2439 3196 456.
2483 3138 2587 3174 suo
2637 3125 2938 3195 supercilio
2978 3135 3038 3179 et

546 3223 743 3284 parum
781 3205 1063 3260 interdum
1108 3206 1333 3260 utilibus
1375 3209 1554 3279 copiis
1587 3206 1750 3280 plura
1823 3203 2216 3275 paedagogice
2243 3224 2440 3278 gemo,
2477 3204 2579 3277 qui
2611 3206 2750 3260 viris
2794 3207 3039 3261 eruditc's

551 3293 665 3346 alia
696 3291 1137 3353 reiecissem‚nisi
1169 3289 1457 3343 arbitratui
1495 3306 1622 3343 meo
1658 3306 1749 3341 me

552 3377 715 3428 nimis
749 3372 1047 3426 indulsisse
1085 3371 1263 3427 videri
1303 3372 1631 3436 noluissem,
1651 3374 1748 3425 iis·

549 3475 663 3529 que
696 3457 1015 3530 displicere,
1058 3458 1153 3526 qui
1200 3444 1553 3524 ὅμοισλονίας
1602 3453 1746 3508 indi-

552 3544 772 3594 catione
818 3537 1206 3603 delectantur,
1270 3542 1491 3592 tametsi
1551 3540 1748 3592 horum

546 3639 839 3680 numerum
892 3621 1003 3675 iam
1054 3622 1230 3676 multo
1281 3624 1554 3675 minorem
1607 3638 1752 3687 esse,

551 3724 719 3777 quam
755 3706 931 3757 fuerat
964 3704 1067 3756 hoc
1101 3708 1327 3758 ineunte
1363 3706 1610 3770 saeculo,
1633 3721 1750 3758 non

547 3805 642 3842 ne
677 3788 831 3860 fugit.
918 3785 1073 3853 Quin
1133 3798 1188 3840 et
1228 3789 1423 3861 ipse‘a
1454 3803 1746 3860 compara·

553 3870 709 3924 tione
743 3871 992 3926 locorum
1026 3871 1288 3924 similium
1307 3869 1607 3943 aliquoties
1629 3888 1747 3925 non

550 3953 827 4019 abstinui,
873 3955 1177 4025 praecipue
1224 3952 1316 4006 ubi
1388 3957 1566 4009 rarior
1620 3972 1749 4009 usus

560 4036 718 4091 verbi
769 4037 1003 4091 alicuius
1040 4047 1138 4090 aut
1182 4037 1457 4092 formulae
1498 4055 1747 4093 occurre·

565 4117 703 4186 bat,
742 4120 1073 4194 plerumque
1110 4136 1283 4187 vero,
1325 4132 1387 4175 ut
1431 4119 1746 4180 similitudi-

1833 3284 1972 3338 vitio
2007 3295 2254 3354 vertunt,
2297 3289 2351 3341 si
2382 3287 2716 3361 formulam
2758 3289 2905 3343 hanc
2944 3291 3040 3344 vel

1832 3368 2000 3420 illam
2030 3366 2100 3422 ab
2138 3371 2252 3425 alio
2289 3372 2644 3425 illustratam
2670 3371 2854 3424 denuo
2888 3391 3037 3427 nova

1832 3459 1890 3504 et
1929 3453 2210 3526 ampliore
2250 3455 2374 3509 luce
2418 3453 2790 3527 perfimdant.
2877 3454 3035 3510 Nam

1834 3534 1996 3589 utilis
2048 3554 2269 3609 quoqu<
2309 3535 2710 3610 exemplorum
2750 3538 2933 3609 copia,
2976 3549 3040 3593 et

1830 3616 1938 3671 suh
1976 3618 2095 3672 alia
2130 3619 2339 3693 fhrma
2381 3620 2619 3674 diversis
2657 3620 2797 3674 Iocis
2832 3622 3036 3676 eadem

1831 3700 2024 3754 doceri
2038 3720 2060 3762 ,·
2114 3719 2295 3775 neque
2340 3703 2496 3758 enim
2538 3721 2734 3757 omnes
2781 3703 3035 3776 legimus
3133 3707 3142 3712 ’

1831 3784 2047 3849 omnia,
2077 3785 2290 3839 nedum
2324 3796 2391 3842 ut
2425 3786 2885 3848 manaim-imus,-
2917 3806 3037 3841 non

1831 3875 2028 3921 tamen
2096 3870 2524 3944 plagiariorum
2586 3887 2852 3923 caussam
2910 3871 3042 3924 ullo

1831 3950 2049 4023 egerim
2078 3955 2250 4008 modo
2267 3993 2286 4020 ,
2329 3973 2433 4009 nec
2470 3954 2796 4024 ineptorum
2843 3952 3031 4006 homi-

1829 4052 1994 4098 num,
2038 4035 2139 4108 qui
2170 4039 2475 4093 notissima
2506 4035 2791 4107 exemplis
2826 4036 3035 4091 multis

1828 4117 1953 4173 sine
1980 4121 2318 4176 necessitate
2358 4119 2640 4175 inculcare
2669 4127 2974 4192 satagunt.

2599 4193 2651 4268 d
