3969 5126
888 612 2982 724 xznopuon÷.mnzs1vm.143

504 768 808 845 opinabar)
846 770 1043 825 deum
1046 772 1265 827 vincere
1297 790 1391 827 me
1409 782 1668 870 oportet,
1711 771 1993 844 habetque
2025 771 2130 826 sibi
2168 771 2576 828 adsentientem
2591 769 2984 826 Abresckium.

502 854 660 907 Infra
701 866 926 949 certep.
951 858 1049 921 64.
1072 876 1126 910 v.
1150 873 1208 925 3.
1234 875 1341 931 pro
1367 846 1572 914 εὔθυν’
1544 875 1601 912 ιν
1638 860 1841 931 reponi
1866 853 2069 924 debuit
2093 843 2218 910 οὔδ’
2239 843 2318 922 ἓν,
2359 875 2425 911 ac
2458 873 2631 929 saepe
2670 855 2837 908 fuisse
2860 872 2988 928 per-

496 947 712 989 mutata
756 927 908 994 οὗδεν
945 950 1003 993 et
1039 927 1159 994 οῦδὲ
1201 938 1427 1034 abqnde
1465 952 1658 994 notum
1693 951 1813 1001 est·
1857 949 1915 990 at
1950 936 2086 990 mihi
2125 948 2353 1003 tamen,
2396 940 2716 1013 respicienti
2749 937 2823 991 ad
2853 954 2986 991 mox

498 1019 577 1073 ibi
606 1037 666 1091 p.
688 1036 744 1073 2.
766 1040 821 1078 v.
858 1038 953 1074 ι2,
984 1020 1230 1093 dictum,
1274 1012 1346 1088 ὦς
1381 1012 1595 1079 σι’·δέν“
1567 1010 1894 1089 ηνούμυος,
1939 1032 1995 1074 et
2029 1018 2104 1073 ad
2133 1033 2487 1094 praesentem
2524 1018 2863 1084 μονολσγίαι,
2891 1020 2988 1075 ubi

458 1118 465 1123 ·
498 1105 684 1159 statim
722 1107 1028 1177 praecessit
1062 1099 1154 1157 καὶ
1180 1064 1308 1160 §aar
1335 1091 1554 1178 ”Epora
1591 1101 1763 1168 καλω,
1807 1106 1982 1157 visum
2035 1114 2117 1155 est
2155 1103 2395 1174 relinqui
2424 1102 2627 1157 debere
2669 1091 2844 1166 οὐδὲν,
2888 1120 2986 1155 ne·

402 1244 417 1253 ,
494 1202 604 1279 que
634 1196 766 1284 gost
796 1178 881 1240 δεῒ
903 1196 1098 1239 notam
1134 1190 1586 1262 interrogationis
1616 1186 1854 1262 adponi,
1898 1183 2053 1257 quod
2079 1185 2511 1240 Hemsterltusio
2547 1184 2829 1258 placebat.
2874 1173 2962 1239 Οὔ

495 1255 588 1323 δὴ
623 1286 749 1323 mm
776 1280 860 1321 est
897 1272 1102 1323 usitata
1127 1271 1228 1323 illa
1251 1270 1526 1343 loquendi
1563 1271 1840 1335 formula,
1884 1271 1968 1322 cul
2006 1271 2315 1339 opponitur
2346 1262 2404 1322 τ)
2440 1253 2598 1332 strae,
2640 1284 2864 1338 quaque
2892 1266 2987 1320 de·

493 1351 740 1422 signatur
776 1351 948 1405 homo
992 1351 1192 1416 nihili,
1236 1356 1356 1407 sive
1390 1358 1523 1424 qui,
1568 1353 1651 1418 (ut
1680 1351 1757 1406 ad
1786 1350 2017 1405 verbum
2055 1352 2114 1401 in
2154 1348 2414 1403 &cetone
2455 1350 2672 1421 legitur)
2703 1349 2857 1401 nilu'l
2880 1358 2988 1416 est,

491 1430 665 1487 homo
698 1433 906 1487 nullius
938 1435 1124 1509 pretii.
1213 1436 1521 1509 Inspiciam
1556 1434 1757 1507 quibus
1789 1450 1932 1506 opus
1954 1443 2063 1497 est,
2106 1431 2363 1503 Sophocl.
2389 1433 2478 1486 Ai.
2493 1432 2842 1503 Flagaztts.
2865 1429 2986 1484 Eu,

484 1514 602 1587 rip.
625 1516 788 1569 Herc.
825 1515 930 1568 l'ur.
959 1533 1091 1586 ¹57·
1130 1528 1187 1570 et
1214 1533 1352 1587 229
1376 1519 1535 1591 Cycl.
1558 1520 1699 1587 638.
1737 1514 2014 1569 Herodot.
2046 1514 2160 1568 lib.
2179 1515 2257 1567 X.
2295 1532 2343 1568 c.
2362 1526 2462 1586 58,
2497 1533 2558 1587 Ρ.
2581 1533 2719 1585 7¹9·
2757 1514 2985 1567 Platon.
3007 1546 3012 1551 ,

498 1597 740 1651 Theaet.
765 1598 904 1651 Vol.
910 1598 986 1651 Π,
972 1616 1063 1671 ..Ρ
1048 1616 1207 1653 ..ι20
1226 1600 1463 1655 Conviv.
1484 1601 1624 1653 Vol.
1641 1600 1716 1652 X.
1701 1616 1792 1671 ..Ρ
1780 1598 1937 1651 ,260.
1962 1596 2303 1655 Demo-nh.
2288 1617 2346 1650 ιιι
2365 1596 2513 1651 Mid.
2583 1610 2766 1694 .574.
2787 1596 2988 1650 Paullo

494 1680 655 1733 aliter
696 1678 952 1733 Rhinton
990 1679 1147 1755 apud
1174 1681 1345 1736 Cicer.
1374 1682 1449 1736 ad
1482 1683 1650 1737 Attio.
1677 1681 1777 1734 lib.
1799 1681 1847 1732 1.
1867 1698 1957 1754 ep.
1987 1696 2086 1733 20,
2110 1668 2161 1735 ὖι
2184 1668 2283 1744 μὲν
2321 1698 2430 1752 παρ
2479 1669 2542 1736 οὖ
2578 1667 2636 1733 ἓν
2689 1668 2862 1744 εἰσιν,
2903 1696 2986 1744 οις

493 1754 529 1816 δ
536 1748 714 1817 ὀυ’δυ
752 1749 937 1826 με’λει.
1013 1762 1237 1818 Dicitur
1269 1782 1495 1837 quoque
1532 1751 1698 1833 μηδὲν
1735 1780 1899 1825 strae,
1941 1780 1995 1815 e.
2016 1780 2063 1816 0,
2084 1760 2240 1834 apud
2261 1760 2525 1834 Sophoel.
2547 1762 2644 1816 Ai.
2661 1761 2820 1834 Flag.
2844 1773 2987 1831 778.

491 1844 718 1897 Platon.
741 1844 919 1917 Apol.
939 1844 1096 1900 Soet.
1119 1847 1255 1900 Vol.
1270 1848 1318 1904 1.
1344 1868 1402 1923 Ρ.
1424 1851 1523 1920 96.
1552 1860 1606 1902 et
1639 1862 1757 1900 non
1789 1844 1966 1899 semel
1998 1843 2153 1918 apud
2172 1843 2413 1899 Luc-ian.
2457 1846 2759 1916 Coniungit
2781 1856 2980 1899 utrum·

490 1944 599 1999 que
616 1925 825 2000 Eurip.
844 1930 903 1980 in
930 1928 1073 1982 Ione
1094 1942 1234 2022 594.

682 1997 1049 2085 P.7.v.14.
1083 2000 1303 2082 τῖδὲἳ]
1352 2010 1410 2064 Si
1459 2011 1628 2064 lectio
1682 2026 1825 2064 sana
1859 2018 1979 2070 est,
2037 2006 2187 2062 idem
2222 2008 2337 2063 fere
2381 2009 2536 2063 valet
2574 2006 2729 2081 quod
2768 2006 2833 2063 τί
2860 1999 2986 2063 Reti?

491 2091 636 2165 quid
659 2090 941 2145 tandem?
982 2102 1040 2144 et
1076 2095 1153 2145 sic
1182 2095 1341 2146 verti.
1425 2092 1652 2164 Reliqui
1677 2108 1813 2147 vero
1849 2102 2043 2145 notam
2075 2093 2543 2163 interrogationis.
2585 2108 2732 2163 quae
2756 2108 2988 2165 compa-

490 2185 574 2228 tet
606 2177 666 2228 in
703 2173 834 2228 edd.
853 2176 1073 2228 tametsi
1103 2176 1161 2227 in
1180 2172 1325 2229 Cod.
1346 2174 1475 2230 MS.
1497 2193 1616 2229 non
1644 2175 1953 2269 repetitum
1980 2189 2113 2226 nam
2139 2190 2252 2226 non
2287 2172 2678 2230 existimabam
2716 2190 2845 2228 eam
2868 2191 2994 2227 esse

490 2256 917 2322 removendam,
963 2255 1401 2331 ponendamque
1429 2269 1562 2331 post
1604 2246 1817 2320 Α’νθία,
1868 2253 2349 2327 quemadmodum
2385 2266 2468 2309 est
2503 2254 2660 2339 apud
2691 2255 2996 2310 D'omill

493 2339 567 2394 ad
590 2338 802 2393 czar-it.
905 2342 1043 2395 206.

704 2410 776 2479 P.
788 2344 940 2497 γῆν.
965 2428 1061 2495 15.
1096 2406 1368 2492 ἕυμορφος
1400 2412 1640 2488 Α’νθία,
1683 2409 1851 2487 ἄλλ’,
1891 2407 1984 2476 ιάι
2019 2413 2235 2491 θέλῃς,
2280 2409 2414 2487 οὖχι
2449 2415 2582 2492 σοί]
2628 2419 2986 2475 Vocabulum

491 2489 787 2577 ευμορφος,
832 2502 990 2574 quod
1026 2507 1141 2557 iam
1182 2502 1560 2578 habuimusp.
1585 2520 1641 2559 2.
1658 2524 1711 2557 v.
1741 2522 1828 2557 ιο.
1869 2507 2181 2581 iterumque
2216 2514 2468 2560 occurret
2500 2521 2557 2575 p.
2571 2504 2664 2556 16.
2681 2523 2735 2555 v.
2749 2519 2864 2555 12-
2894 2520 2985 2573 ι3.

494 2589 686 2640 ieiune
724 2589 782 2638 in
817 2586 1013 2640 lexicis
1048 2603 1379 2659 comparare
1413 2586 1652 2642 adnotat
1672 2586 1751 2641 D’
1763 2586 1894 2641 Ore
1912 2586 1989 2642 ad
2014 2589 2229 2644 Charit.
2247 2606 2306 2660 Ρ.
2332 2587 2467 2639 206.
2488 2589 2741 2657 quamvis
2778 2603 2851 2640 eo
2879 2588 2999 2639 sint

496 2671 582 2721 usi
607 2667 952 2730 Herodotus,
971 2669 1162 2734 Plato,
1184 2679 1240 2722 et
1273 2667 1373 2723 alii
1407 2672 1465 2722 in
1503 2670 1759 2725 omnibus
1784 2668 2069 2740 gradibus.
2154 2671 2383 2723 Praeter
2405 2666 2760 2740 Aeso-lydum
2779 2686 2816 2722 a
2834 2685 2994 2722 com-

496 2751 900 2807 mentatoribus
925 2751 1004 2806 ad
1033 2751 1227 2807 nom.
1245 2752 1415 2824 Mag.
1441 2754 1502 2805 in
1533 2742 1841 2824 Εὐπρεπῆς
1869 2770 1929 2826 Ρ.
1946 2772 2088 2826 392.
2107 2747 2424 2815 laudatum,
2462 2756 2746 2806 neminem
2776 2770 2808 2805 e
2832 2762 2987 2806 vete·
3041 2813 3054 2826 .

493 2831 664 2898 ribus,
708 2837 804 2905 qui
835 2831 1209 2897 adhibuerint,
1251 2852 1324 2887 se·
1347 2838 1573 2889 novisse
1613 2837 1691 2888 ait
1713 2835 1893 2890 Piera.
1912 2834 1988 2890 ad
2007 2835 2255 2890 Moerid.
2276 2854 2337 2908 p.
2364 2852 2499 2905 150.
2584 2835 2759 2906 Atqui
2800 2850 2992 2888 occur·
3071 2833 3076 2839 ’

496 2918 566 2970 rit
596 2918 655 2969 in
678 2915 998 2987 fragmentis
1019 2917 1286 2989 Sapphus
1312 2917 1464 2990 apud
1487 2915 1794 2988 Hephaest.
1820 2936 1883 2991 Ρ.
1897 2936 2001 2989 37.
2028 2923 2162 2974 etin
2187 2918 2511 2988 fragmentis
2539 2920 2761 2971 incertis
2777 2914 2992 2988 Eurip.

496 3016 555 3051 ιι.
579 2998 723 3052 CLI.
747 3011 802 3053 et
820 2997 1079 3072 Sophecl
1100 3017 1171 3052 ex
1192 2998 1406 3053 Aload.
1427 3018 1484 3052 ιι.
1505 3000 1611 3052 xl.
1699 2999 1877 3075 Apud
1914 3005 2254 3056 recentiores
2292 3017 2452 3061 vero,
2492 3010 2718 3071 praeter
2736 2997 2987 3052 Ammo-

380 3083 389 3090 '
495 3080 695 3144 nium,
740 3092 795 3134 et
829 3095 899 3135 ex
935 3100 1007 3135 eo
1044 3081 1276 3136 fortasse
1316 3081 1698 3135 Eustathium
1732 3083 1809 3137 ad
1844 3082 2013 3137 Iliad.
2032 3085 2140 3137 111.
2155 3102 2217 3155 Ρ.
2240 3093 2379 3149 289,
2413 3083 2672 3134 invenias
2702 3083 2762 3132 in
2782 3083 2990 3134 Mane-

497 3162 704 3226 thone‚
735 3164 840 3217 VI.
857 3182 893 3234 3
910 3183 930 3218 1
947 3184 1002 3231 7.
1032 3165 1377 3229 Plutarcho,
1424 3164 1691 3218 Pseudo·
1719 3165 2064 3236 Phocylide,
2115 3164 2428 3232 Charitone
2446 3162 2552 3215 lib.
2570 3163 2649 3215 11.
2677 3181 2726 3216 c.
2748 3179 2805 3215 2.
2791 3181 2880 3258 .p.
2867 3180 2922 3232 3
2928 3183 2990 3234 5

495 3244 595 3300 lib.
602 3246 704 3299 vl.
725 3263 774 3300 c.
781 3248 837 3299 6.
858 3265 916 3320 p.
931 3263 1064 3316 ¹43·
1102 3244 1256 3300 Aah.
1286 3248 1408 3301 Tat.
1427 3246 1527 3300 lib.
1531 3247 1638 3300 VI.
1665 3266 1710 3301 c.
1723 3267 1770 3301 1.
1790 3262 1995 3322 Ρ.504.
2059 3245 2224 3315 Quae
2261 3255 2565 3318 sequuntur
2591 3232 2742 3310 ἄλλ’,
2755 3233 2849 3299 ἒαν
2888 3235 2994 3301 δι’·

495 3333 618 3395 λῃς,
661 3317 796 3395 οὖχι
832 3324 921 3385 σοι
959 3332 1211 3386 restituta
1239 3341 1366 3383 sunt
1385 3348 1417 3383 e
1437 3326 1578 3382 cod.
1601 3329 1750 3383 Flor.
1813 3330 2223 3385 Pulcherrimus
2252 3330 2409 3382 hicce
2434 3328 2632 3386 locus
2614 3341 2676 3380 ιιι
2697 3326 2884 3382 Lond.
2902 3328 2994 3384 ed.

497 3425 568 3463 ex
605 3411 1088 3506 apographorum
1105 3411 1348 3465 Salvinii
1374 3423 1430 3466 et
1477 3410 1698 3465 Coc-chii
1730 3410 2149 3467 absurdissima
2189 3411 2598 3486 depravatione
2636 3413 2717 3463 sic
2754 3411 2989 3483 legitur.

494 3502 766 3585 ευμσρφος
793 3482 1013 3560 Ανθία,
1054 3481 1282 3568 aga-705,
1325 3494 1409 3562 (in
1428 3495 1566 3549 Luc.
1587 3506 1643 3548 et
1662 3494 1910 3549 Vindob.
1929 3478 2185 3565 ἔξυγος)
2225 3512 2312 3548 και
2355 3489 2558 3561 2222&-
2619 3481 2760 3559 οὖχί
2787 3511 2875 3549 σοι
2904 3486 2992 3548 δε·

498 3562 694 3641 357090
739 3571 916 3631 ταῦτα
959 3601 1045 3619 —-
1086 3602 1168 3620 --
1210 3564 1480 3649 κρατῆσει.
1568 3578 1760 3645 Quare
1803 3575 2092 3632 salvinius
2128 3581 2294 3632 vertit
2327 3574 2496 3630 Come
2511 3577 2541 3626 ?
2580 3595 2617 3627 a
2643 3576 2769 3630 tuos'
2795 3576 2989 3646 occlq',

496 3654 838 3725 Abrae-ome,
877 3677 1029 3732 vaga
1069 3659 1099 3711 δ
1132 3657 1337 3726 Auzia,
1379 3675 1546 3712 sensa
1586 3662 1818 3726 marite,
1861 3680 1893 3714 e
1928 3670 2124 3714 tenera
2142 3661 2173 3714 Ρ
2213 3657 2342 3713 Non
2370 3675 2504 3712 aver
2544 3667 2609 3711 tu
2636 3660 2822 3730 questi
2841 3677 2983 3732 pen·

496 3739 669 3792 sieri:
715 3752 770 3795 et
801 3740 1067 3800 Coc-chius
1087 3745 1323 3815 pariter·
1308 3782 1324 3796 .
1425 3742 1585 3813 Quid
1615 3762 1742 3797 vero
1763 3746 1792 3795 ?
1831 3740 2057 3798 Anthia
2084 3744 2224 3796 adeo
2255 3741 2373 3796 tuis
2407 3741 2589 3795 oculis
2615 3742 2906 3816 fivrmosa,
2951 3760 2988 3796 0

498 3819 1125 3897 Abrocoma,1·imupta
1162 3832 1264 3878 est.
1320 3822 1548 3898 Apage,
1590 3844 1661 3879 ne
1696 3826 1800 3879 hoc
1830 3825 1989 3880 ineas
2016 3824 2331 3881 consilium.
2415 3826 2590 3879 Varie
2626 3823 2996 3899 postmodum³

504 3903 722 3961 Graeca
754 3919 1014 3982 corrupta
1045 3908 1221 3962 verba
1255 3918 1468 3962 tentata
1492 3908 1677 3962 fueret
1722 3909 1920 3963 leviter
1951 3909 2024 3964 ab
2055 3907 2254 3962 Alberss
2259 3909 2354 3974 ἰο,
2395 3912 2575 3961 acrius
2596 3918 2651 3961 et
2668 3906 2986 3979 dtlrgeuttus

502 3986 573 4044 ab
593 3985 1064 4051 Hemsterhuss‘03
1092 4009 1326 4064 quorum
1361 3993 1688 4045 coniecturis
1715 3990 2094 4046 describendis
2119 3990 2483 4066 supersedere
2511 4006 2658 4044 nunc
2685 3990 2826 4043 licet.
2874 3989 2984 4044 Ce-

501 4081 678 4124 terum
716 4061 1053 4139 φιλσσὸφως,
1078 4085 1246 4146 atque
1273 4073 1633 4130 estoicorum
1673 4072 1991 4148 disciplina,
2017 4075 2156 4129 haec
2198 4074 2645 4128 abl-Iabrocome
2671 4082 2798 4125 sunt
2814 4070 2986 4130 dicta.

504 4151 792 4210 Disiunxit
814 4154 1113 4215 videlicet
1106 4175 1367 4213 sensuum
1403 4144 1710 4230 παθηματα
1743 4174 1779 4213 a
1805 4161 2009 4215 mentis
2031 4145 2454 4220 συνκαταᾶεσει.
2499 4155 2726 4212 Fatetur
2759 4152 2988 4229 quidem
3067 4221 3076 4224 ,

602 4301 633 4320 s
