3969 5126
847 565 937 621 IV

852 685 1099 759 nescio
1144 681 1512 781 quomodo
1554 681 2014 780 cupidissime
2057 683 2344 776 retinui,
2390 704 2622 783 neque
2655 682 2742 759 de
2789 686 3119 764 manibus
3152 690 3366 791 depo-

851 791 987 879 sui,
1032 801 1253 887 prout
1310 785 1484 858 olim
1530 782 1900 887 Albertius
1954 784 2250 878 fecerat,
2310 786 2542 860 donec
2598 803 2833 863 totum
2879 791 3204 868 libellum
3249 793 3368 868 ad-

853 908 1052 967 tente
1095 888 1584 989 perlegissem.
1691 886 1977 963 Revixit
2023 902 2179 964 tum
2222 892 2534 964 maxime
2590 892 2711 966 illa
2757 895 3141 994 cogitatio,
3186 922 3367 995 quae

851 1000 999 1073 iam
1035 995 1412 1091 aliquoties
1447 992 1781 1064 animum.
1808 992 2148 1086 subierat,
2198 992 2534 1069 videlicet
2574 1012 2886 1094 quanam
2932 999 3174 1095 iniqua
3218 1023 3367 1072 sor·

851 1116 925 1173 te
979 1096 1347 1188 acciderit,
1407 1107 1489 1167 ut
1549 1117 1774 1191 quum
1812 1092 2137 1171 Achilles
2181 1091 2466 1188 TatiuS,
2520 1093 2845 1196 LonguS,
2901 1097 3367 1193 HeliodoruS,

861 1201 1205 1276 Chariton
1234 1256 1257 1290 ,
1322 1211 1395 1271 et
1450 1197 1793 1296 insipidus
1845 1197 1966 1269 ille
2007 1195 2424 1274 Eustathius
2479 1201 2629 1274 sive
2672 1199 3102 1275 Eumathius
3137 1198 3368 1302 magis

852 1306 1187 1377 minusve
1243 1301 1537 1376 utilibus
1581 1303 2119 1374 commentariis
2163 1304 2490 1377 instructi
2547 1318 2937 1396 exstarent,
2990 1328 3206 1378 nemo
3251 1304 3371 1379 ad-

853 1408 995 1480 huc
1028 1404 1240 1479 fuerit
1271 1416 1643 1501 repertus„
1665 1404 1786 1500 qui
1807 1399 2155 1477 Nostrum
2191 1418 2360 1504 post
2392 1394 3002 1504 negligentissime
3044 1420 3370 1480 curatam

856 1502 1833 1609 principem-Londinensem
1873 1505 2290 1597 editionem,
2317 1508 2376 1579 si
2417 1513 2651 1582 minus
2687 1531 2857 1582 cum
2901 1508 3191 1582 scholiis
3236 1511 3366 1583 cri-

727 1601 741 1615 ’
854 1614 1044 1702 ticis,
1102 1623 1177 1682 at
1218 1608 1476 1683 saltem
1519 1609 1915 1681 correctius
1952 1608 2377 1706 pleniusque
2423 1608 2788 1702 edidisset,
2850 1612 3179 1708 quamvis
3223 1635 3369 1686 non

855 1712 1081 1789 modo
1133 1713 1203 1783 in
1255 1732 1507 1784 omnes
1551 1711 1862 1807 quinque
1916 1709 2141 1784 libros
2195 1713 2527 1811 egregiae
2570 1710 3094 1786 Hemsterhusii
3158 1730 3233 1786 et
3279 1737 3370 1786 ex

855 1839 1123 1915 magna
1163 1836 1369 1913 parte
1417 1837 1561 1888 non
1604 1811 1886 1886 inutiles
1929 1810 2313 1888 Abreschii
2354 1814 2852 1890 adnotationes
2913 1817 3056 1889 iam
3113 1814 3279 1888 inde
3328 1841 3371 1890 a

858 1920 1231 2017 sexaginta
1286 1923 1484 1995 annis
1551 1919 1623 1989 in
1676 1913 2157 1990 Miscellaneis
2217 1913 2865 1993 Observationibus
2919 1914 3205 1993 Batavis
3261 1942 3367 1991 es-

858 2037 1023 2098 sent
1062 2023 1134 2093 in
1174 2035 1561 2119 promptu3
1622 2018 1747 2093 sed
1785 2033 1858 2092 et
1897 2019 1986 2093 ab
2029 2045 2092 2094 a.
2127 2046 2213 2110 17
2218 2045 2340 2117 50.
2385 2035 2871 2120 suppeterent,
2922 2044 3102 2117 quae
3132 2018 3367 2095 D’Or-

859 2125 1098 2201 villius
1156 2123 1244 2197 ad
1297 2122 1763 2197 Charitonem
1805 2148 1845 2195 e
1896 2122 2147 2196 codice
2196 2119 2612 2197 Florentino
2673 2123 3076 2223 protulerat
3127 2148 3366 2197 emen·

862 2228 1187 2302 dationes
1232 2226 1675 2324 insigniaque
1718 2225 2140 2299 lacunarum
2181 2225 2652 2323 explementa.
2729 2225 2856 2299 His
2901 2227 3116 2326 igitur
3156 2228 3363 2299 utris·

862 2355 1003 2428 que
1047 2344 1218 2403 tunc
1258 2327 1666 2403 adcuratius
1709 2329 2076 2426 inspectis,
2132 2343 2213 2402 ut
2252 2328 2483 2402 multo
2544 2330 2858 2428 apertius
2904 2354 3121 2426 quam
3170 2344 3365 2402 ante·

840 2433 997 2507 ‘hac
1042 2432 1571 2529 intelligebam,
1627 2431 2262 2505 mendosissimum
2307 2446 2443 2504 nos
2492 2432 2755 2506 habere
2804 2429 3367 2529 Xenophontem

860 2533 1283 2634 Ephesium,
1343 2536 1445 2608 sic
1507 2536 1693 2608 mira
1732 2534 2218 2634 indignatione
2263 2557 2424 2607 sum
2462 2550 2898 2625 commotuS,
2955 2533 3366 2608 ubiVindo-

859 2638 1265 2714 bonensem
1328 2636 1719 2711 editionem
1766 2660 1934 2710 cum
1989 2633 2427 2712 Londinensi
2485 2639 2554 2710 in
2604 2634 3051 2712 Bibliotheca
3114 2651 3367 2710 nostra

866 2739 1225 2814 Caesarea
1283 2738 1727 2814 conferendo
1786 2735 2144 2838 cognovi,
2209 2764 2426 2837 quam
2467 2742 2850 2816 temerario
2898 2755 3112 2838 atque
3168 2741 3362 2812 inau-

864 2843 1017 2916 dito
1080 2867 1257 2917 ausu
1324 2844 1695 2940 imperitus
1753 2842 1989 2916 editor
2040 2860 2313 2919 textum
2361 2842 2721 2916 Graecum
2775 2845 3030 2942 ineptis
3082 2844 3226 2915 suis
3276 2842 3361 2916 si·

865 2970 956 3019 ve
1008 2944 1654 3036 emendationibUS,
1713 2945 1862 3018 sive
1921 2929 2588 3043 interpolationibus
2652 2946 3181 3043 deturpaverit,
3239 2969 3365 3019 no-

866 3049 976 3121 vis
1028 3063 1405 3147 praeterea
1443 3048 1722 3123 mendis
1766 3048 2268 3145 inquinaverit,
2326 3049 2496 3144 quin
2541 3062 2613 3120 et
2664 3048 2942 3148 singula
2990 3047 3219 3121 verba
3267 3065 3364 3123 at-

866 3174 1007 3248 que
1064 3153 1377 3251 integras
1434 3142 1643 3243 ἓήσεις
1687 3150 2086 3225 omittendo
2111 3205 2133 3241 ‚
2189 3152 2416 3250 magis
2480 3152 2697 3225 etiam
2749 3173 3088 3226 mancum
3153 3152 3363 3222 muti-

866 3253 1162 3350 lumque
1205 3242 1617 3330 reddiderit.
1707 3250 1822 3327 Ac
1856 3251 2256 3352 profecto,
2310 3252 2920 3352 quemadmodum
2970 3251 3361 3353 indignatio

867 3381 1164 3430 versum
1221 3355 1461 3430 facere
1503 3354 1692 3432 dicta
1734 3375 1885 3447 est,
1931 3358 2029 3429 ita
2072 3356 2247 3429 mihi
2295 3356 2555 3431 accidit
2580 3411 2602 3448 ,
2647 3372 2729 3430 ut
2764 3357 2941 3432 haec
2986 3356 3205 3429 editio
3246 3381 3361 3430 us-

868 3485 1010 3557 que
1055 3458 1238 3533 adeo
1275 3458 1450 3531 mihi
1491 3459 1944 3534 stomachum
1980 3474 2338 3551 moveret,
2396 3475 2477 3533 ut
2526 3459 2818 3533 alterius
2861 3458 3183 3533 melioris
3243 3483 3362 3534 cu-

868 3586 1028 3636 ram
1073 3564 1440 3660 suscipere
1479 3564 1549 3636 in
1602 3555 1919 3636 animum
1961 3562 2385 3636 induxerim.
2461 3561 2804 3655 Omnin0,
2847 3561 3129 3637 aiebam
3170 3562 3362 3661 apud

866 3688 1015 3756 me,
1073 3688 1340 3764 operae
1379 3668 1690 3763 pretium
1738 3664 1954 3739 fuerit
1997 3664 2286 3739 tandem
2327 3665 2707 3764 aliquando
2740 3665 2957 3739 edere
2997 3664 3187 3739 hunc
3214 3663 3356 3739 Xe-

868 3768 1316 3865 nophontem
1355 3768 1729 3867 permultis
1770 3768 1949 3842 locis
1997 3769 2430 3866 suppletum,
2468 3768 2950 3860 emendatum,
2982 3781 3196 3864 atque
3239 3767 3356 3841 ad-

867 3869 1358 3945 notationibus
1405 3871 1886 3946 illustratum:
1941 3864 2124 3970 Α“μα
2160 3860 2336 3964 ἔπος,
2385 3863 2533 3968 ἅμα
2571 3865 2805 3976 {gyon
2859 3872 3186 3969 protinus
3231 3872 3354 3943 ita-

870 3997 1037 4072 que,
1079 3976 1322 4049 nescio
1354 4000 1496 4072 quo
1537 3975 1824 4048 insolito
1862 3975 2078 4050 animi
2116 3976 2388 4073 impetu
2428 3975 2781 4066 incitatuS,
2824 3975 3025 4073 operi
3061 3997 3356 4047 manum

856 4076 1188 4170 admovi,
1244 4101 1329 4155 ac
1381 4079 1581 4155 initio
1631 4077 1922 4177 quidem
1968 4099 2226 4181 magna
2276 4099 2442 4152 cum
2504 4076 2908 4175 alacritate,
2982 4075 3111 4150 secl
3164 4075 3352 4152 haud
