<?xml version="1.0" encoding="UTF-8"?>
<!DOCTYPE html PUBLIC "-//W3C//DTD XHTML 1.0 Transitional//EN"
    "http://www.w3.org/TR/xhtml1/DTD/xhtml1-transitional.dtd">
<html xmlns="http://www.w3.org/1999/xhtml" xml:lang="en" lang="en">
 <head>
  <title>
</title>
<meta http-equiv="Content-Type" content="text/html;charset=utf-8" />
  <meta name='ocr-system' content='tesseract 3.04.00' />
  <meta name='ocr-capabilities' content='ocr_page ocr_carea ocr_par ocr_line ocrx_word'/>
</head>
<body>
  <div class='ocr_page' id='page_1' title='image "./xenophontisephe00ephegoog_0298.png"; bbox 0 0 3969 5126; ppageno 0'>
   <div class='ocr_carea' id='block_1_1' title="bbox 983 564 2883 644">
    <p class='ocr_par' dir='ltr' id='par_1_1' title="bbox 983 564 2883 644">
     <span class='ocr_line' id='line_1_1' title="bbox 983 564 2883 644; baseline -0.004 -16"><span class='ocrx_word' id='word_1_1' title='bbox 983 564 1105 644; x_wconf 82' lang='lat'><strong>238</strong></span> <span class='ocrx_word' id='word_1_2' title='bbox 1547 564 2638 622; x_wconf 76' lang='lat' dir='ltr'>ADNOTATIONES</span> <span class='ocrx_word' id='word_1_3' title='bbox 2758 566 2883 621; x_wconf 70' lang='lat'><strong>111</strong></span> 
     </span>
    </p>
   </div>
   <div class='ocr_carea' id='block_1_2' title="bbox 962 689 3526 4073">
    <p class='ocr_par' dir='ltr' id='par_1_2' title="bbox 962 689 3526 4073">
     <span class='ocr_line' id='line_1_2' title="bbox 971 689 3467 764; baseline -0 -21"><span class='ocrx_word' id='word_1_4' title='bbox 971 689 1303 761; x_wconf 76' lang='lat' dir='ltr'><strong>Libyaeque</strong></span> <span class='ocrx_word' id='word_1_5' title='bbox 1338 692 1641 756; x_wconf 82' lang='lat' dir='ltr'><strong>terminus,</strong></span> <span class='ocrx_word' id='word_1_6' title='bbox 1685 726 1700 744; x_wconf 90' lang='lat'><strong>.</strong></span> <span class='ocrx_word' id='word_1_7' title='bbox 1748 727 1765 744; x_wconf 91' lang='lat'><strong>.</strong></span> <span class='ocrx_word' id='word_1_8' title='bbox 1812 728 1827 743; x_wconf 91' lang='lat'><strong>.</strong></span> <span class='ocrx_word' id='word_1_9' title='bbox 1874 689 1950 746; x_wconf 87' lang='lat' dir='ltr'><strong>ad</strong></span> <span class='ocrx_word' id='word_1_10' title='bbox 1982 689 2392 748; x_wconf 72' lang='lat' dir='ltr'>Alexandriam</span> <span class='ocrx_word' id='word_1_11' title='bbox 2437 703 2605 764; x_wconf 80' lang='lat' dir='ltr'><strong>atque</strong></span> <span class='ocrx_word' id='word_1_12' title='bbox 2654 690 2881 744; x_wconf 84' lang='lat' dir='ltr'><strong>ulterius</strong></span> <span class='ocrx_word' id='word_1_13' title='bbox 2921 705 3046 743; x_wconf 85' lang='lat' dir='ltr'><strong>cnm</strong></span> <span class='ocrx_word' id='word_1_14' title='bbox 3095 689 3286 760; x_wconf 87' lang='lat' dir='ltr'><strong>priore</strong></span> <span class='ocrx_word' id='word_1_15' title='bbox 3333 706 3467 744; x_wconf 85' lang='lat' dir='ltr'><strong>con·</strong></span> 
     </span>
     <span class='ocr_line' id='line_1_3' title="bbox 970 765 3460 847; baseline -0 -21"><span class='ocrx_word' id='word_1_16' title='bbox 970 775 1156 826; x_wconf 82' lang='lat' dir='ltr'><strong>iuncta</strong></span> <span class='ocrx_word' id='word_1_17' title='bbox 1197 773 1661 845; x_wconf 81' lang='lat' dir='ltr'><strong>porrigebatur..</strong></span> <span class='ocrx_word' id='word_1_18' title='bbox 1710 775 1925 827; x_wconf 89' lang='lat' dir='ltr'><strong>.Haec</strong></span> <span class='ocrx_word' id='word_1_19' title='bbox 1963 785 2158 828; x_wconf 86' lang='lat' dir='ltr'><strong>cuncta</strong></span> <span class='ocrx_word' id='word_1_20' title='bbox 2193 791 2395 847; x_wconf 86' lang='lat' dir='ltr'><strong>parurn</strong></span> <span class='ocrx_word' id='word_1_21' title='bbox 2431 776 2609 839; x_wconf 84' lang='lat' dir='ltr'><strong>abest,</strong></span> <span class='ocrx_word' id='word_1_22' title='bbox 2652 776 2790 844; x_wconf 89' lang='lat' dir='ltr'><strong>quin</strong></span> <span class='ocrx_word' id='word_1_23' title='bbox 2821 790 2892 827; x_wconf 87' lang='lat' dir='ltr'><strong>eo</strong></span> <span class='ocrx_word' id='word_1_24' title='bbox 2929 788 3019 825; x_wconf 88' lang='lat' dir='ltr'><strong>me</strong></span> <span class='ocrx_word' id='word_1_25' title='bbox 3054 765 3356 838; x_wconf 83' lang='lat' dir='ltr'><strong>deducant,</strong></span> <span class='ocrx_word' id='word_1_26' title='bbox 3400 784 3460 825; x_wconf 85' lang='lat' dir='ltr'><strong>ut</strong></span> 
     </span>
     <span class='ocr_line' id='line_1_4' title="bbox 966 845 3458 950; baseline -0.001 -40"><span class='ocrx_word' id='word_1_27' title='bbox 966 858 1249 927; x_wconf 75' lang='lat' dir='ltr'><strong>scripsisse</strong></span> <span class='ocrx_word' id='word_1_28' title='bbox 1267 855 1703 928; x_wconf 77' lang='lat' dir='ltr'><strong>Xenophontem</strong></span> <span class='ocrx_word' id='word_1_29' title='bbox 1737 874 1970 927; x_wconf 80' lang='lat' dir='ltr'><strong>augurer</strong></span> <span class='ocrx_word' id='word_1_30' title='bbox 2006 876 2104 925; x_wconf 54' lang='grc' dir='ltr'><strong>τήν</strong></span> <span class='ocrx_word' id='word_1_31' title='bbox 2126 876 2186 912; x_wconf 73' lang='grc' dir='ltr'><strong>τε</strong></span> <span class='ocrx_word' id='word_1_32' title='bbox 2224 860 2574 950; x_wconf 67' lang='grc' dir='ltr'><strong>Παραταῐνιον</strong></span> <span class='ocrx_word' id='word_1_33' title='bbox 2606 845 2958 922; x_wconf 60' lang='grc' dir='ltr'><strong>καλουμένην.</strong></span> <span class='ocrx_word' id='word_1_34' title='bbox 2995 892 3014 908; x_wconf 88' lang='grc'><strong>.</strong></span> <span class='ocrx_word' id='word_1_35' title='bbox 3064 853 3268 921; x_wconf 86' lang='lat' dir='ltr'><strong>.Quid</strong></span> <span class='ocrx_word' id='word_1_36' title='bbox 3302 872 3458 946; x_wconf 79' lang='lat' dir='ltr'><strong>ergo,</strong></span> 
     </span>
     <span class='ocr_line' id='line_1_5' title="bbox 967 923 3458 1034; baseline -0 -44"><span class='ocrx_word' id='word_1_37' title='bbox 967 940 1014 990; x_wconf 84' lang='lat' dir='ltr'><strong>si</strong></span> <span class='ocrx_word' id='word_1_38' title='bbox 1046 939 1153 990; x_wconf 82' lang='lat' dir='ltr'><strong>hoc</strong></span> <span class='ocrx_word' id='word_1_39' title='bbox 1188 948 1356 1032; x_wconf 82' lang='lat' dir='ltr'><strong>pacto</strong></span> <span class='ocrx_word' id='word_1_40' title='bbox 1391 938 1767 1034; x_wconf 76' lang='lat' dir='ltr'><strong>conglutinata</strong></span> <span class='ocrx_word' id='word_1_41' title='bbox 1802 939 2029 993; x_wconf 89' lang='lat' dir='ltr'><strong>tolerari</strong></span> <span class='ocrx_word' id='word_1_42' title='bbox 2057 940 2314 1034; x_wconf 73' lang='lat' dir='ltr'><strong>queant?</strong></span> <span class='ocrx_word' id='word_1_43' title='bbox 2355 927 2628 1028; x_wconf 43' lang='lat' dir='ltr'><strong>s’um‘nqstn</strong></span> <span class='ocrx_word' id='word_1_44' title='bbox 2645 927 2769 994; x_wconf 66' lang='grc' dir='ltr'><strong>δι’</strong></span> <span class='ocrx_word' id='word_1_45' title='bbox 2741 933 2835 993; x_wconf 72' lang='grc' dir='ltr'><strong>επὶ</strong></span> <span class='ocrx_word' id='word_1_46' title='bbox 2874 923 2992 1004; x_wconf 74' lang='grc' dir='ltr'><strong>(εἰς</strong></span> <span class='ocrx_word' id='word_1_47' title='bbox 3011 935 3031 1003; x_wconf 91' lang='grc'>)</span> <span class='ocrx_word' id='word_1_48' title='bbox 3067 925 3172 1000; x_wconf 74' lang='grc' dir='ltr'><strong>τὰς</strong></span> <span class='ocrx_word' id='word_1_49' title='bbox 3208 924 3458 1000; x_wconf 69' lang='grc' dir='ltr'><strong>ἕκβολκς</strong></span> 
     </span>
     <span class='ocr_line' id='line_1_6' title="bbox 966 1009 3457 1098; baseline -0.001 -24"><span class='ocrx_word' id='word_1_50' title='bbox 966 1016 1068 1075; x_wconf 75' lang='grc' dir='ltr'><strong>τοῦ</strong></span> <span class='ocrx_word' id='word_1_51' title='bbox 1102 1014 1322 1084; x_wconf 78' lang='grc' dir='ltr'><strong>Νείλου,</strong></span> <span class='ocrx_word' id='word_1_52' title='bbox 1363 1009 1461 1088; x_wconf 54' lang='grc' dir='ltr'><strong>τέ,</strong></span> <span class='ocrx_word' id='word_1_53' title='bbox 1486 1038 1546 1074; x_wconf 87' lang='grc' dir='ltr'><strong>τε</strong></span> <span class='ocrx_word' id='word_1_54' title='bbox 1585 1017 1936 1092; x_wconf 72' lang='grc' dir='ltr'><strong>Παραταῐιιον</strong></span> <span class='ocrx_word' id='word_1_55' title='bbox 1969 1010 2320 1089; x_wconf 69' lang='grc' dir='ltr'><strong>καλουμένην,</strong></span> <span class='ocrx_word' id='word_1_56' title='bbox 2355 1034 2416 1076; x_wconf 85' lang='grc' dir='ltr'><strong>ιιι</strong></span> <span class='ocrx_word' id='word_1_57' title='bbox 2455 1041 2563 1098; x_wconf 84' lang='lat' dir='ltr'><strong>per</strong></span> <span class='ocrx_word' id='word_1_58' title='bbox 2598 1040 2657 1076; x_wconf 75' lang='lat' dir='ltr'><strong>sn</strong></span> <span class='ocrx_word' id='word_1_59' title='bbox 2697 1010 2782 1075; x_wconf 70' lang='grc' dir='ltr'><strong>δικ</strong></span> <span class='ocrx_word' id='word_1_60' title='bbox 2828 1011 2972 1076; x_wconf 74' lang='grc' dir='ltr'><strong><em>δυοῖν</em></strong></span> <span class='ocrx_word' id='word_1_61' title='bbox 3005 1017 3265 1073; x_wconf 82' lang='lat' dir='ltr'><strong>incidisse</strong></span> <span class='ocrx_word' id='word_1_62' title='bbox 3307 1019 3457 1073; x_wconf 86' lang='lat' dir='ltr'><strong>dicat</strong></span> 
     </span>
     <span class='ocr_line' id='line_1_7' title="bbox 966 1100 3456 1179; baseline -0.001 -22"><span class='ocrx_word' id='word_1_63' title='bbox 966 1105 1155 1158; x_wconf 78' lang='lat' dir='ltr'><strong>navim</strong></span> <span class='ocrx_word' id='word_1_64' title='bbox 1195 1105 1252 1154; x_wconf 89' lang='lat' dir='ltr'><strong>in</strong></span> <span class='ocrx_word' id='word_1_65' title='bbox 1290 1102 1394 1155; x_wconf 87' lang='lat' dir='ltr'><strong>illa</strong></span> <span class='ocrx_word' id='word_1_66' title='bbox 1428 1103 1622 1156; x_wconf 86' lang='lat' dir='ltr'><strong>brevia</strong></span> <span class='ocrx_word' id='word_1_67' title='bbox 1655 1102 1949 1169; x_wconf 88' lang='lat' dir='ltr'><strong>dorsuosa‚</strong></span> <span class='ocrx_word' id='word_1_68' title='bbox 1994 1107 2193 1177; x_wconf 89' lang='lat' dir='ltr'><strong>quibus</strong></span> <span class='ocrx_word' id='word_1_69' title='bbox 2228 1108 2503 1179; x_wconf 86' lang='lat' dir='ltr'><strong>impactus</strong></span> <span class='ocrx_word' id='word_1_70' title='bbox 2541 1105 2706 1158; x_wconf 88' lang='lat' dir='ltr'><strong>Nilus</strong></span> <span class='ocrx_word' id='word_1_71' title='bbox 2745 1104 2857 1157; x_wconf 87' lang='lat' dir='ltr'><strong>late</strong></span> <span class='ocrx_word' id='word_1_72' title='bbox 2896 1100 3256 1157; x_wconf 82' lang='lat' dir='ltr'><strong>diffunditur·</strong></span> <span class='ocrx_word' id='word_1_73' title='bbox 3318 1120 3456 1155; x_wconf 83' lang='lat' dir='ltr'><strong>nam</strong></span> 
     </span>
     <span class='ocr_line' id='line_1_8' title="bbox 964 1176 3450 1260; baseline -0.001 -21"><span class='ocrx_word' id='word_1_74' title='bbox 964 1178 1054 1239; x_wconf 76' lang='grc' dir='ltr'><em>καί</em></span> <span class='ocrx_word' id='word_1_75' title='bbox 1088 1181 1332 1250; x_wconf 66' lang='grc' dir='ltr'><strong>Φοινίκης</strong></span> <span class='ocrx_word' id='word_1_76' title='bbox 1381 1203 1484 1252; x_wconf 71' lang='grc' dir='ltr'><strong>οση</strong></span> <span class='ocrx_word' id='word_1_77' title='bbox 1520 1176 1973 1257; x_wconf 57' lang='grc' dir='ltr'><strong>παραθαλασσιος</strong></span> <span class='ocrx_word' id='word_1_78' title='bbox 2024 1186 2180 1244; x_wconf 87' lang='lat' dir='ltr'><strong>aliud</strong></span> <span class='ocrx_word' id='word_1_79' title='bbox 2214 1186 2484 1260; x_wconf 81' lang='lat' dir='ltr'><strong>quiddam</strong></span> <span class='ocrx_word' id='word_1_80' title='bbox 2521 1182 2756 1259; x_wconf 69' lang='lat' dir='ltr'><strong>flagitat,</strong></span> <span class='ocrx_word' id='word_1_81' title='bbox 2799 1204 2925 1240; x_wconf 90' lang='lat' dir='ltr'><strong>cum</strong></span> <span class='ocrx_word' id='word_1_82' title='bbox 2961 1203 3073 1257; x_wconf 90' lang='lat' dir='ltr'><strong>quo</strong></span> <span class='ocrx_word' id='word_1_83' title='bbox 3108 1184 3450 1247; x_wconf 79' lang='lat' dir='ltr'><strong>concordet,</strong></span> 
     </span>
     <span class='ocr_line' id='line_1_9' title="bbox 966 1224 3458 1341; baseline -0.001 -19"><span class='ocrx_word' id='word_1_84' title='bbox 966 1279 1023 1322; x_wconf 88' lang='lat' dir='ltr'><strong>et</strong></span> <span class='ocrx_word' id='word_1_85' title='bbox 1058 1267 1318 1321; x_wconf 82' lang='lat' dir='ltr'><strong>lacunam</strong></span> <span class='ocrx_word' id='word_1_86' title='bbox 1350 1268 1548 1322; x_wconf 88' lang='lat' dir='ltr'><strong>adesse</strong></span> <span class='ocrx_word' id='word_1_87' title='bbox 1580 1271 1897 1323; x_wconf 76' lang='lat' dir='ltr'><strong>certissimis</strong></span> <span class='ocrx_word' id='word_1_88' title='bbox 1932 1270 2152 1324; x_wconf 89' lang='lat' dir='ltr'><strong>indiciis</strong></span> <span class='ocrx_word' id='word_1_89' title='bbox 2190 1271 2451 1324; x_wconf 81' lang='lat' dir='ltr'><strong>ostendit.</strong></span> <span class='ocrx_word' id='word_1_90' title='bbox 2519 1272 2673 1324; x_wconf 83' lang='lat' dir='ltr'><strong>Haec</strong></span> <span class='ocrx_word' id='word_1_91' title='bbox 2715 1272 2904 1322; x_wconf 88' lang='lat' dir='ltr'><strong>nescio</strong></span> <span class='ocrx_word' id='word_1_92' title='bbox 2943 1285 3112 1340; x_wconf 87' lang='lat' dir='ltr'><strong>quem</strong></span> <span class='ocrx_word' id='word_1_93' title='bbox 3153 1270 3264 1320; x_wconf 80' lang='lat' dir='ltr'><strong>sint</strong></span> <span class='ocrx_word' id='word_1_94' title='bbox 3300 1224 3458 1341; x_wconf 81' lang='lat' dir='ltr'><strong>apud</strong></span> 
     </span>
     <span class='ocr_line' id='line_1_10' title="bbox 962 1349 3462 1425; baseline -0.002 -17"><span class='ocrx_word' id='word_1_95' title='bbox 962 1368 1178 1422; x_wconf 70' lang='lat' dir='ltr'><strong>aequos</strong></span> <span class='ocrx_word' id='word_1_96' title='bbox 1227 1349 1437 1404; x_wconf 90' lang='lat' dir='ltr'><strong>iudices</strong></span> <span class='ocrx_word' id='word_1_97' title='bbox 1480 1351 1738 1405; x_wconf 83' lang='lat' dir='ltr'><strong>habitura</strong></span> <span class='ocrx_word' id='word_1_98' title='bbox 1782 1352 2197 1425; x_wconf 71' lang='lat' dir='ltr'><strong>probabilitatis</strong></span> <span class='ocrx_word' id='word_1_99' title='bbox 2229 1352 2502 1425; x_wconf 81' lang='lat' dir='ltr'><strong>gradum;</strong></span> <span class='ocrx_word' id='word_1_100' title='bbox 2543 1371 2632 1408; x_wconf 89' lang='lat' dir='ltr'><strong>me</strong></span> <span class='ocrx_word' id='word_1_101' title='bbox 2667 1363 2816 1406; x_wconf 87' lang='lat' dir='ltr'><strong>certe</strong></span> <span class='ocrx_word' id='word_1_102' title='bbox 2851 1368 2971 1406; x_wconf 89' lang='lat' dir='ltr'><strong>non</strong></span> <span class='ocrx_word' id='word_1_103' title='bbox 3006 1351 3462 1412; x_wconf 84' lang='lat' dir='ltr'><strong>absterruerunt,</strong></span> 
     </span>
     <span class='ocr_line' id='line_1_11' title="bbox 965 1432 3462 1509; baseline -0.001 -22"><span class='ocrx_word' id='word_1_104' title='bbox 965 1437 1102 1506; x_wconf 87' lang='lat' dir='ltr'><strong>quin</strong></span> <span class='ocrx_word' id='word_1_105' title='bbox 1147 1432 1302 1486; x_wconf 85' lang='lat' dir='ltr'><strong>aliud</strong></span> <span class='ocrx_word' id='word_1_106' title='bbox 1340 1432 1645 1488; x_wconf 85' lang='lat' dir='ltr'><strong>remedium</strong></span> <span class='ocrx_word' id='word_1_107' title='bbox 1688 1447 1984 1507; x_wconf 84' lang='lat' dir='ltr'><strong>praeterea</strong></span> <span class='ocrx_word' id='word_1_108' title='bbox 2028 1436 2576 1509; x_wconf 81' lang='lat' dir='ltr'><strong>circumspiciendum</strong></span> <span class='ocrx_word' id='word_1_109' title='bbox 2614 1446 2906 1508; x_wconf 84' lang='lat' dir='ltr'><strong>putarem;</strong></span> <span class='ocrx_word' id='word_1_110' title='bbox 2950 1436 3008 1486; x_wconf 90' lang='lat' dir='ltr'><strong>in</strong></span> <span class='ocrx_word' id='word_1_111' title='bbox 3042 1452 3155 1504; x_wconf 91' lang='lat' dir='ltr'><strong>quo</strong></span> <span class='ocrx_word' id='word_1_112' title='bbox 3196 1435 3246 1486; x_wconf 80' lang='lat' dir='ltr'><strong>si</strong></span> <span class='ocrx_word' id='word_1_113' title='bbox 3283 1450 3462 1505; x_wconf 82' lang='lat' dir='ltr'><strong>opera</strong></span> 
     </span>
     <span class='ocr_line' id='line_1_12' title="bbox 967 1514 3458 1589; baseline -0 -20"><span class='ocrx_word' id='word_1_114' title='bbox 967 1517 1106 1574; x_wconf 83' lang='lat' dir='ltr'><strong>mihi</strong></span> <span class='ocrx_word' id='word_1_115' title='bbox 1146 1526 1202 1569; x_wconf 89' lang='lat' dir='ltr'><strong>et</strong></span> <span class='ocrx_word' id='word_1_116' title='bbox 1236 1514 1425 1569; x_wconf 86' lang='lat' dir='ltr'><strong>oleum</strong></span> <span class='ocrx_word' id='word_1_117' title='bbox 1462 1518 1649 1587; x_wconf 88' lang='lat' dir='ltr'><strong>periit,</strong></span> <span class='ocrx_word' id='word_1_118' title='bbox 1685 1518 1907 1573; x_wconf 83' lang='lat' dir='ltr'><strong>chartae</strong></span> <span class='ocrx_word' id='word_1_119' title='bbox 1936 1516 2167 1589; x_wconf 82' lang='lat' dir='ltr'><strong>quidem</strong></span> <span class='ocrx_word' id='word_1_120' title='bbox 2198 1519 2337 1572; x_wconf 80' lang='lat' dir='ltr'><strong>levis</strong></span> <span class='ocrx_word' id='word_1_121' title='bbox 2371 1532 2454 1573; x_wconf 90' lang='lat' dir='ltr'><strong>est</strong></span> <span class='ocrx_word' id='word_1_122' title='bbox 2490 1522 2719 1573; x_wconf 86' lang='lat' dir='ltr'><strong>iactura.</strong></span> <span class='ocrx_word' id='word_1_123' title='bbox 2779 1518 2896 1585; x_wconf 87' lang='lat' dir='ltr'><strong>Qui</strong></span> <span class='ocrx_word' id='word_1_124' title='bbox 2930 1533 2968 1568; x_wconf 83' lang='lat' dir='ltr'><strong>a</strong></span> <span class='ocrx_word' id='word_1_125' title='bbox 3001 1517 3199 1568; x_wconf 89' lang='lat' dir='ltr'><strong>Cilicia</strong></span> <span class='ocrx_word' id='word_1_126' title='bbox 3241 1532 3458 1569; x_wconf 87' lang='lat' dir='ltr'><strong>cursum</strong></span> 
     </span>
     <span class='ocr_line' id='line_1_13' title="bbox 966 1596 3457 1678; baseline 0 -26"><span class='ocrx_word' id='word_1_127' title='bbox 966 1603 1026 1670; x_wconf 78' lang='lat' dir='ltr'><strong>in</strong></span> <span class='ocrx_word' id='word_1_128' title='bbox 1060 1599 1382 1671; x_wconf 77' lang='lat' dir='ltr'><strong>Aegyptum</strong></span> <span class='ocrx_word' id='word_1_129' title='bbox 1419 1596 1696 1670; x_wconf 85' lang='lat' dir='ltr'><strong>dirigunt,</strong></span> <span class='ocrx_word' id='word_1_130' title='bbox 1738 1601 1886 1678; x_wconf 79' lang='lat' dir='ltr'><strong>illis,</strong></span> <span class='ocrx_word' id='word_1_131' title='bbox 1929 1613 2233 1673; x_wconf 84' lang='lat' dir='ltr'><strong>antequam</strong></span> <span class='ocrx_word' id='word_1_132' title='bbox 2268 1604 2611 1675; x_wconf 82' lang='lat' dir='ltr'><strong>Aegyptium</strong></span> <span class='ocrx_word' id='word_1_133' title='bbox 2649 1602 2884 1673; x_wconf 75' lang='lat' dir='ltr'><strong>pelagus</strong></span> <span class='ocrx_word' id='word_1_134' title='bbox 2917 1602 3140 1662; x_wconf 83' lang='lat' dir='ltr'><strong>intrent,</strong></span> <span class='ocrx_word' id='word_1_135' title='bbox 3186 1615 3457 1671; x_wconf 80' lang='lat' dir='ltr'><strong>superan-</strong></span> 
     </span>
     <span class='ocr_line' id='line_1_14' title="bbox 969 1680 3502 1756; baseline -0.001 -21"><span class='ocrx_word' id='word_1_136' title='bbox 969 1680 1073 1735; x_wconf 82' lang='lat' dir='ltr'><strong>dus</strong></span> <span class='ocrx_word' id='word_1_137' title='bbox 1115 1692 1198 1734; x_wconf 85' lang='lat' dir='ltr'><strong>est</strong></span> <span class='ocrx_word' id='word_1_138' title='bbox 1235 1681 1455 1747; x_wconf 80' lang='lat' dir='ltr'><strong>Issicus,</strong></span> <span class='ocrx_word' id='word_1_139' title='bbox 1495 1685 1613 1734; x_wconf 81' lang='lat' dir='ltr'><strong>sive</strong></span> <span class='ocrx_word' id='word_1_140' title='bbox 1664 1686 1837 1748; x_wconf 88' lang='lat' dir='ltr'><strong>sinus,</strong></span> <span class='ocrx_word' id='word_1_141' title='bbox 1875 1686 1996 1737; x_wconf 80' lang='lat' dir='ltr'><strong>sive</strong></span> <span class='ocrx_word' id='word_1_142' title='bbox 2034 1702 2223 1748; x_wconf 85' lang='lat' dir='ltr'><strong>mare;</strong></span> <span class='ocrx_word' id='word_1_143' title='bbox 2269 1683 2423 1756; x_wconf 91' lang='lat' dir='ltr'><strong>quod</strong></span> <span class='ocrx_word' id='word_1_144' title='bbox 2458 1701 2878 1756; x_wconf 86' lang='lat' dir='ltr'><strong>nonnumquam</strong></span> <span class='ocrx_word' id='word_1_145' title='bbox 2933 1684 3201 1736; x_wconf 82' lang='lat' dir='ltr'><strong>strictiore</strong></span> <span class='ocrx_word' id='word_1_146' title='bbox 3244 1680 3461 1735; x_wconf 84' lang='lat' dir='ltr'><strong>ambitu</strong></span> <span class='ocrx_word' id='word_1_147' title='bbox 3497 1727 3502 1732; x_wconf 83' lang='grc'><strong>.</strong></span> 
     </span>
     <span class='ocr_line' id='line_1_15' title="bbox 968 1763 3461 1840; baseline -0.001 -22"><span class='ocrx_word' id='word_1_148' title='bbox 968 1765 1279 1826; x_wconf 81' lang='lat' dir='ltr'><strong>contineri,</strong></span> <span class='ocrx_word' id='word_1_149' title='bbox 1321 1763 1462 1817; x_wconf 79' lang='lat' dir='ltr'><strong>alias</strong></span> <span class='ocrx_word' id='word_1_150' title='bbox 1504 1764 1685 1819; x_wconf 87' lang='lat' dir='ltr'><strong>multo</strong></span> <span class='ocrx_word' id='word_1_151' title='bbox 1726 1766 1890 1818; x_wconf 86' lang='lat' dir='ltr'><strong>latius</strong></span> <span class='ocrx_word' id='word_1_152' title='bbox 1932 1770 2154 1840; x_wconf 76' lang='lat' dir='ltr'><strong>porrigi</strong></span> <span class='ocrx_word' id='word_1_153' title='bbox 2180 1778 2432 1821; x_wconf 72' lang='lat' dir='ltr'><strong>censetur</strong></span> <span class='ocrx_word' id='word_1_154' title='bbox 2487 1768 2630 1820; x_wconf 83' lang='lat' dir='ltr'><strong>ultra</strong></span> <span class='ocrx_word' id='word_1_155' title='bbox 2672 1767 2921 1839; x_wconf 81' lang='lat' dir='ltr'><strong>Cyprum</strong></span> <span class='ocrx_word' id='word_1_156' title='bbox 2971 1765 3232 1836; x_wconf 77' lang='lat' dir='ltr'><strong>Aegypto</strong></span> <span class='ocrx_word' id='word_1_157' title='bbox 3280 1775 3461 1818; x_wconf 83' lang='lat' dir='ltr'><strong>tenus.</strong></span> 
     </span>
     <span class='ocr_line' id='line_1_16' title="bbox 969 1846 3460 1938; baseline -0.001 -38"><span class='ocrx_word' id='word_1_158' title='bbox 969 1848 1162 1915; x_wconf 84' lang='lat' dir='ltr'><strong>Quare</strong></span> <span class='ocrx_word' id='word_1_159' title='bbox 1200 1856 1329 1919; x_wconf 83' lang='lat' dir='ltr'><strong>post</strong></span> <span class='ocrx_word' id='word_1_160' title='bbox 1361 1846 1507 1900; x_wconf 83' lang='lat' dir='ltr'><strong>alios</strong></span> <span class='ocrx_word' id='word_1_161' title='bbox 1535 1846 1775 1901; x_wconf 87' lang='lat' dir='ltr'><strong>scribere</strong></span> <span class='ocrx_word' id='word_1_162' title='bbox 1808 1867 1925 1902; x_wconf 89' lang='lat' dir='ltr'><strong>non</strong></span> <span class='ocrx_word' id='word_1_163' title='bbox 1962 1848 2239 1904; x_wconf 80' lang='lat' dir='ltr'><strong>dubitavit</strong></span> <span class='ocrx_word' id='word_1_164' title='bbox 2281 1848 2514 1903; x_wconf 80' lang='lat' dir='ltr'><strong>Orosius</strong></span> <span class='ocrx_word' id='word_1_165' title='bbox 2554 1849 2648 1903; x_wconf 85' lang='lat' dir='ltr'><strong>lib.</strong></span> <span class='ocrx_word' id='word_1_166' title='bbox 2669 1850 2715 1902; x_wconf 88' lang='lat'><strong>1.</strong></span> <span class='ocrx_word' id='word_1_167' title='bbox 2741 1867 2786 1902; x_wconf 89' lang='lat' dir='ltr'><strong>c.</strong></span> <span class='ocrx_word' id='word_1_168' title='bbox 2815 1864 2870 1901; x_wconf 66' lang='grc' dir='ltr'><strong>α.</strong></span> <span class='ocrx_word' id='word_1_169' title='bbox 2894 1846 3061 1910; x_wconf 80' lang='lat' dir='ltr'><strong>Srn&#39;o</strong></span> <span class='ocrx_word' id='word_1_170' title='bbox 3097 1847 3268 1909; x_wconf 79' lang='lat' dir='ltr'><strong>mari,</strong></span> <span class='ocrx_word' id='word_1_171' title='bbox 3289 1864 3460 1938; x_wconf 82' lang='lat' dir='ltr'><strong>quem</strong></span> 
     </span>
     <span class='ocr_line' id='line_1_17' title="bbox 966 1916 3458 2004; baseline 0.001 -22"><span class='ocrx_word' id='word_1_172' title='bbox 966 1929 1215 1983; x_wconf 80' lang='lat' dir='ltr'><strong>Issicum</strong></span> <span class='ocrx_word' id='word_1_173' title='bbox 1241 1928 1437 1980; x_wconf 81' lang='lat' dir='ltr'><strong>sinum</strong></span> <span class='ocrx_word' id='word_1_174' title='bbox 1468 1937 1689 1983; x_wconf 83' lang='lat' dir='ltr'><strong>vocant.</strong></span> <span class='ocrx_word' id='word_1_175' title='bbox 1734 1929 1931 1983; x_wconf 84' lang='lat' dir='ltr'><strong>Illud&#39;</strong></span> <span class='ocrx_word' id='word_1_176' title='bbox 1919 1950 2102 2004; x_wconf 76' lang='lat' dir='ltr'><strong>ipsum</strong></span> <span class='ocrx_word' id='word_1_177' title='bbox 2139 1949 2290 1986; x_wconf 86' lang='lat' dir='ltr'><strong>mare</strong></span> <span class='ocrx_word' id='word_1_178' title='bbox 2317 1931 2513 1985; x_wconf 87' lang='lat' dir='ltr'><strong>dicitur</strong></span> <span class='ocrx_word' id='word_1_179' title='bbox 2538 1950 2763 2004; x_wconf 88' lang='lat' dir='ltr'><strong>quoque</strong></span> <span class='ocrx_word' id='word_1_180' title='bbox 2796 1930 3193 1994; x_wconf 72' lang='lat' dir='ltr'><strong>Parthenium,</strong></span> <span class='ocrx_word' id='word_1_181' title='bbox 3235 1916 3458 2000; x_wconf 63' lang='grc' dir='ltr'>Παρθέ-</span> 
     </span>
     <span class='ocr_line' id='line_1_18' title="bbox 967 2001 3464 2087; baseline -0.003 -17"><span class='ocrx_word' id='word_1_182' title='bbox 967 2029 1095 2070; x_wconf 74' lang='lat' dir='ltr'><strong>mos</strong></span> <span class='ocrx_word' id='word_1_183' title='bbox 1127 2001 1394 2075; x_wconf 68' lang='grc' dir='ltr'><strong>πέλαγος,</strong></span> <span class='ocrx_word' id='word_1_184' title='bbox 1432 2023 1491 2064; x_wconf 88' lang='grc' dir='ltr'><strong>ιιι</strong></span> <span class='ocrx_word' id='word_1_185' title='bbox 1522 2011 1732 2065; x_wconf 78' lang='lat' dir='ltr'><strong>Suidas</strong></span> <span class='ocrx_word' id='word_1_186' title='bbox 1761 2014 1953 2079; x_wconf 82' lang='lat' dir='ltr'><strong>habet,</strong></span> <span class='ocrx_word' id='word_1_187' title='bbox 1972 2015 2066 2069; x_wconf 82' lang='lat' dir='ltr'><strong>vel</strong></span> <span class='ocrx_word' id='word_1_188' title='bbox 2101 2003 2405 2087; x_wconf 60' lang='grc' dir='ltr'><strong>Παρθένιος</strong></span> <span class='ocrx_word' id='word_1_189' title='bbox 2436 2004 2721 2069; x_wconf 58' lang='grc' dir='ltr'><strong>θάλασσα.</strong></span> <span class='ocrx_word' id='word_1_190' title='bbox 2767 2014 2933 2067; x_wconf 77' lang='lat' dir='ltr'><strong>Conf.</strong></span> <span class='ocrx_word' id='word_1_191' title='bbox 2954 2011 3247 2066; x_wconf 76' lang='lat' dir='ltr'><strong>Ammian.</strong></span> <span class='ocrx_word' id='word_1_192' title='bbox 3280 2012 3464 2066; x_wconf 81' lang='lat' dir='ltr'><strong>Marc.</strong></span> 
     </span>
     <span class='ocr_line' id='line_1_19' title="bbox 966 2095 3464 2178; baseline -0.001 -28"><span class='ocrx_word' id='word_1_193' title='bbox 966 2096 1069 2151; x_wconf 87' lang='lat' dir='ltr'><strong>lib.</strong></span> <span class='ocrx_word' id='word_1_194' title='bbox 1088 2095 1281 2148; x_wconf 78' lang='lat' dir='ltr'><strong>xxu.</strong></span> <span class='ocrx_word' id='word_1_195' title='bbox 1303 2112 1350 2147; x_wconf 79' lang='lat' dir='ltr'><strong>c.</strong></span> <span class='ocrx_word' id='word_1_196' title='bbox 1377 2096 1467 2147; x_wconf 79' lang='lat'><strong>16.</strong></span> <span class='ocrx_word' id='word_1_197' title='bbox 1488 2113 1547 2168; x_wconf 90' lang='lat' dir='ltr'><strong>p.</strong></span> <span class='ocrx_word' id='word_1_198' title='bbox 1567 2111 1710 2178; x_wconf 65' lang='lat'><strong>372.</strong></span> <span class='ocrx_word' id='word_1_199' title='bbox 1696 2114 1774 2151; x_wconf 88' lang='lat' dir='ltr'><strong>..c</strong></span> <span class='ocrx_word' id='word_1_200' title='bbox 1803 2116 1893 2168; x_wconf 79' lang='lat'><strong>¹5·</strong></span> <span class='ocrx_word' id='word_1_201' title='bbox 1913 2117 1972 2171; x_wconf 89' lang='grc' dir='ltr'><strong>Ρ.</strong></span> <span class='ocrx_word' id='word_1_202' title='bbox 1996 2100 2135 2167; x_wconf 77' lang='lat'><strong>362.</strong></span> <span class='ocrx_word' id='word_1_203' title='bbox 2182 2136 2197 2152; x_wconf 87' lang='lat'><strong>.</strong></span> <span class='ocrx_word' id='word_1_204' title='bbox 2238 2100 2424 2153; x_wconf 80' lang='lat' dir='ltr'><strong>.1am</strong></span> <span class='ocrx_word' id='word_1_205' title='bbox 2451 2098 2813 2153; x_wconf 87' lang='lat' dir='ltr'><strong>Parthenium</strong></span> <span class='ocrx_word' id='word_1_206' title='bbox 2838 2097 3082 2170; x_wconf 73' lang='lat' dir='ltr'><strong>pelagus</strong></span> <span class='ocrx_word' id='word_1_207' title='bbox 3106 2096 3464 2150; x_wconf 76' lang='lat' dir='ltr'><strong>Abrocomae</strong></span> 
     </span>
     <span class='ocr_line' id='line_1_20' title="bbox 968 2167 3469 2256; baseline -0.001 -24"><span class='ocrx_word' id='word_1_208' title='bbox 968 2178 1075 2232; x_wconf 71' lang='lat' dir='ltr'><strong>{uit</strong></span> <span class='ocrx_word' id='word_1_209' title='bbox 1105 2176 1505 2248; x_wconf 83' lang='lat' dir='ltr'><strong>navigandum,</strong></span> <span class='ocrx_word' id='word_1_210' title='bbox 1549 2189 1608 2232; x_wconf 90' lang='lat' dir='ltr'><strong>ut</strong></span> <span class='ocrx_word' id='word_1_211' title='bbox 1648 2178 2060 2234; x_wconf 79' lang='lat' dir='ltr'><strong>Alexandriam</strong></span> <span class='ocrx_word' id='word_1_212' title='bbox 2096 2183 2442 2256; x_wconf 75' lang='lat' dir='ltr'><strong>perveniret·</strong></span> <span class='ocrx_word' id='word_1_213' title='bbox 2505 2167 2803 2252; x_wconf 57' lang='grc' dir='ltr'><strong>Παρθένιον</strong></span> <span class='ocrx_word' id='word_1_214' title='bbox 2840 2197 2972 2233; x_wconf 85' lang='lat' dir='ltr'><strong>vero</strong></span> <span class='ocrx_word' id='word_1_215' title='bbox 3018 2191 3132 2233; x_wconf 84' lang='lat' dir='ltr'><strong>tam</strong></span> <span class='ocrx_word' id='word_1_216' title='bbox 3173 2196 3348 2250; x_wconf 82' lang='lat' dir='ltr'><strong>parvo</strong></span> <span class='ocrx_word' id='word_1_217' title='bbox 3399 2178 3469 2230; x_wconf 83' lang='lat' dir='ltr'><strong>li·</strong></span> 
     </span>
     <span class='ocr_line' id='line_1_21' title="bbox 969 2255 3464 2336; baseline 0 -21"><span class='ocrx_word' id='word_1_218' title='bbox 969 2272 1210 2315; x_wconf 88' lang='lat' dir='ltr'><strong>terarum</strong></span> <span class='ocrx_word' id='word_1_219' title='bbox 1239 2259 1592 2327; x_wconf 79' lang='lat' dir='ltr'><strong>discrimine,</strong></span> <span class='ocrx_word' id='word_1_220' title='bbox 1631 2267 1961 2334; x_wconf 85' lang='lat' dir='ltr'><strong>praesertim</strong></span> <span class='ocrx_word' id='word_1_221' title='bbox 1995 2268 2041 2318; x_wconf 88' lang='lat' dir='ltr'><strong>si</strong></span> <span class='ocrx_word' id='word_1_222' title='bbox 2069 2268 2308 2320; x_wconf 85' lang='lat' dir='ltr'><strong>maiores</strong></span> <span class='ocrx_word' id='word_1_223' title='bbox 2344 2266 2582 2336; x_wconf 82' lang='lat' dir='ltr'><strong>pingas,</strong></span> <span class='ocrx_word' id='word_1_224' title='bbox 2629 2266 2934 2316; x_wconf 81' lang='lat' dir='ltr'><strong>seiunctum</strong></span> <span class='ocrx_word' id='word_1_225' title='bbox 2962 2273 3044 2315; x_wconf 90' lang='lat' dir='ltr'><strong>est</strong></span> <span class='ocrx_word' id='word_1_226' title='bbox 3080 2281 3117 2316; x_wconf 86' lang='lat' dir='ltr'><strong>a</strong></span> <span class='ocrx_word' id='word_1_227' title='bbox 3148 2255 3464 2333; x_wconf 71' lang='lat' dir='ltr'><strong>Hoepoet&#39;rros,</strong></span> 
     </span>
     <span class='ocr_line' id='line_1_22' title="bbox 969 2343 3460 2418; baseline -0 -20"><span class='ocrx_word' id='word_1_228' title='bbox 969 2355 1030 2398; x_wconf 83' lang='grc' dir='ltr'><strong>ιιι</strong></span> <span class='ocrx_word' id='word_1_229' title='bbox 1057 2343 1294 2398; x_wconf 84' lang='lat' dir='ltr'><strong>alterum</strong></span> <span class='ocrx_word' id='word_1_230' title='bbox 1328 2344 1555 2396; x_wconf 85' lang='lat' dir='ltr'><strong>alterius</strong></span> <span class='ocrx_word' id='word_1_231' title='bbox 1590 2362 1897 2418; x_wconf 82' lang='lat' dir='ltr'><strong>occupasse</strong></span> <span class='ocrx_word' id='word_1_232' title='bbox 1932 2345 2098 2401; x_wconf 89' lang='lat' dir='ltr'><strong>sedes</strong></span> <span class='ocrx_word' id='word_1_233' title='bbox 2132 2365 2248 2401; x_wconf 86' lang='lat' dir='ltr'><strong>non</strong></span> <span class='ocrx_word' id='word_1_234' title='bbox 2302 2345 2630 2401; x_wconf 83' lang='lat' dir='ltr'><strong>difficillime</strong></span> <span class='ocrx_word' id='word_1_235' title='bbox 2667 2344 2815 2400; x_wconf 87' lang='lat' dir='ltr'><strong>credi</strong></span> <span class='ocrx_word' id='word_1_236' title='bbox 2857 2348 3050 2417; x_wconf 82' lang='lat' dir='ltr'><strong>possit.</strong></span> <span class='ocrx_word' id='word_1_237' title='bbox 3135 2344 3221 2397; x_wconf 82' lang='lat' dir='ltr'><strong>Ea</strong></span> <span class='ocrx_word' id='word_1_238' title='bbox 3269 2348 3460 2398; x_wconf 88' lang='lat' dir='ltr'><strong>conie-</strong></span> 
     </span>
     <span class='ocr_line' id='line_1_23' title="bbox 968 2426 3464 2519; baseline -0.001 -38"><span class='ocrx_word' id='word_1_239' title='bbox 968 2438 1142 2490; x_wconf 86' lang='lat' dir='ltr'><strong>ctura,</strong></span> <span class='ocrx_word' id='word_1_240' title='bbox 1183 2426 1361 2500; x_wconf 88' lang='lat' dir='ltr'><strong>pluris</strong></span> <span class='ocrx_word' id='word_1_241' title='bbox 1387 2429 1537 2479; x_wconf 89' lang='lat' dir='ltr'><strong>enim</strong></span> <span class='ocrx_word' id='word_1_242' title='bbox 1575 2445 1610 2480; x_wconf 89' lang='lat' dir='ltr'><strong>a</strong></span> <span class='ocrx_word' id='word_1_243' title='bbox 1639 2446 1728 2481; x_wconf 90' lang='lat' dir='ltr'><strong>me</strong></span> <span class='ocrx_word' id='word_1_244' title='bbox 1763 2447 1875 2482; x_wconf 93' lang='lat' dir='ltr'><strong>non</strong></span> <span class='ocrx_word' id='word_1_245' title='bbox 1914 2428 1995 2492; x_wconf 80' lang='lat' dir='ltr'><strong>fit,</strong></span> <span class='ocrx_word' id='word_1_246' title='bbox 2037 2434 2104 2494; x_wconf 89' lang='lat' dir='ltr'><strong>si,</strong></span> <span class='ocrx_word' id='word_1_247' title='bbox 2148 2441 2416 2504; x_wconf 85' lang='lat' dir='ltr'><strong>quantum</strong></span> <span class='ocrx_word' id='word_1_248' title='bbox 2449 2430 2626 2494; x_wconf 85' lang='lat' dir='ltr'><strong>mihi,</strong></span> <span class='ocrx_word' id='word_1_249' title='bbox 2669 2439 2881 2481; x_wconf 82' lang='lat' dir='ltr'><strong>tantum</strong></span> <span class='ocrx_word' id='word_1_250' title='bbox 2916 2427 3043 2481; x_wconf 83' lang='lat' dir='ltr'><strong>aliis</strong></span> <span class='ocrx_word' id='word_1_251' title='bbox 3085 2426 3312 2491; x_wconf 83' lang='lat' dir='ltr'><strong>arridet,</strong></span> <span class='ocrx_word' id='word_1_252' title='bbox 3354 2443 3464 2519; x_wconf 84' lang='grc' dir='ltr'><strong>Ρο-</strong></span> 
     </span>
     <span class='ocr_line' id='line_1_24' title="bbox 968 2497 3472 2575; baseline -0.001 -12"><span class='ocrx_word' id='word_1_253' title='bbox 968 2508 1219 2563; x_wconf 77' lang='lat' dir='ltr'><strong>nendum</strong></span> <span class='ocrx_word' id='word_1_254' title='bbox 1252 2526 1371 2563; x_wconf 82' lang='lat' dir='ltr'><strong>esse</strong></span> <span class='ocrx_word' id='word_1_255' title='bbox 1398 2520 1589 2563; x_wconf 88' lang='lat' dir='ltr'><strong>notam</strong></span> <span class='ocrx_word' id='word_1_256' title='bbox 1624 2528 1826 2567; x_wconf 83' lang='lat' dir='ltr'><strong>censeo</strong></span> <span class='ocrx_word' id='word_1_257' title='bbox 1864 2512 2067 2568; x_wconf 85' lang='lat' dir='ltr'><strong>hiantis</strong></span> <span class='ocrx_word' id='word_1_258' title='bbox 2102 2525 2158 2568; x_wconf 90' lang='lat' dir='ltr'><strong>et</strong></span> <span class='ocrx_word' id='word_1_259' title='bbox 2196 2513 2485 2568; x_wconf 86' lang='lat' dir='ltr'><strong>mutilatae</strong></span> <span class='ocrx_word' id='word_1_260' title='bbox 2523 2513 2835 2567; x_wconf 86' lang='lat' dir='ltr'><strong>sententiae</strong></span> <span class='ocrx_word' id='word_1_261' title='bbox 2887 2520 3020 2567; x_wconf 88' lang='lat' dir='ltr'><strong>ante</strong></span> <span class='ocrx_word' id='word_1_262' title='bbox 3055 2497 3160 2575; x_wconf 77' lang='grc' dir='ltr'><strong>τὰς</strong></span> <span class='ocrx_word' id='word_1_263' title='bbox 3205 2497 3472 2574; x_wconf 68' lang='grc' dir='ltr'><strong>ἕκβολας,</strong></span> 
     </span>
     <span class='ocr_line' id='line_1_25' title="bbox 971 2593 3464 2666; baseline -0 -21"><span class='ocrx_word' id='word_1_264' title='bbox 971 2610 1121 2663; x_wconf 77' lang='lat' dir='ltr'><strong>quae</strong></span> <span class='ocrx_word' id='word_1_265' title='bbox 1181 2603 1296 2645; x_wconf 84' lang='lat' dir='ltr'><strong>tum</strong></span> <span class='ocrx_word' id='word_1_266' title='bbox 1358 2593 1722 2664; x_wconf 79' lang='lat' dir='ltr'><strong>sequentibus</strong></span> <span class='ocrx_word' id='word_1_267' title='bbox 1771 2595 1969 2650; x_wconf 88' lang='lat' dir='ltr'><strong>ordine</strong></span> <span class='ocrx_word' id='word_1_268' title='bbox 2014 2601 2336 2651; x_wconf 88' lang='lat' dir='ltr'><strong>continuato</strong></span> <span class='ocrx_word' id='word_1_269' title='bbox 2388 2606 2517 2650; x_wconf 88' lang='lat' dir='ltr'><strong>sunt</strong></span> <span class='ocrx_word' id='word_1_270' title='bbox 2569 2593 2946 2666; x_wconf 77' lang='lat' dir='ltr'><strong>adiungenda.</strong></span> <span class='ocrx_word' id='word_1_271' title='bbox 3014 2593 3464 2647; x_wconf 73' lang='lat' dir='ltr'><strong>HEMSTERH.</strong></span> 
     </span>
     <span class='ocr_line' id='line_1_26' title="bbox 972 2674 3464 2749; baseline -0 -20"><span class='ocrx_word' id='word_1_272' title='bbox 972 2675 1297 2746; x_wconf 87' lang='lat' dir='ltr'><strong>Desperato</strong></span> <span class='ocrx_word' id='word_1_273' title='bbox 1335 2674 1464 2727; x_wconf 77' lang='lat' dir='ltr'><strong>huic</strong></span> <span class='ocrx_word' id='word_1_274' title='bbox 1499 2675 1624 2729; x_wconf 88' lang='lat' dir='ltr'><strong>loco</strong></span> <span class='ocrx_word' id='word_1_275' title='bbox 1664 2695 1832 2748; x_wconf 79' lang='lat' dir='ltr'><strong>quam</strong></span> <span class='ocrx_word' id='word_1_276' title='bbox 1866 2683 2157 2733; x_wconf 82' lang='lat' dir='ltr'><strong>certiorem</strong></span> <span class='ocrx_word' id='word_1_277' title='bbox 2184 2683 2528 2733; x_wconf 84' lang='lat' dir='ltr'><strong>curationem</strong></span> <span class='ocrx_word' id='word_1_278' title='bbox 2564 2677 2888 2742; x_wconf 77' lang='lat' dir='ltr'><strong>adhibeam,</strong></span> <span class='ocrx_word' id='word_1_279' title='bbox 2908 2694 3025 2730; x_wconf 79' lang='lat' dir='ltr'><strong>sive</strong></span> <span class='ocrx_word' id='word_1_280' title='bbox 3062 2676 3199 2748; x_wconf 89' lang='lat' dir='ltr'><strong>quid</strong></span> <span class='ocrx_word' id='word_1_281' title='bbox 3224 2676 3297 2730; x_wconf 87' lang='lat' dir='ltr'><strong>ab</strong></span> <span class='ocrx_word' id='word_1_282' title='bbox 3335 2679 3464 2749; x_wconf 87' lang='lat' dir='ltr'><strong>ipso</strong></span> 
     </span>
     <span class='ocr_line' id='line_1_27' title="bbox 971 2755 3467 2833; baseline 0 -22"><span class='ocrx_word' id='word_1_283' title='bbox 971 2755 1349 2827; x_wconf 76' lang='lat' dir='ltr'><strong>Xenophonte</strong></span> <span class='ocrx_word' id='word_1_284' title='bbox 1388 2759 1651 2830; x_wconf 84' lang='lat' dir='ltr'><strong>scriptum</strong></span> <span class='ocrx_word' id='word_1_285' title='bbox 1684 2762 1754 2812; x_wconf 87' lang='lat' dir='ltr'><strong>sit</strong></span> <span class='ocrx_word' id='word_1_286' title='bbox 1790 2764 1906 2813; x_wconf 84' lang='lat' dir='ltr'><strong>veri</strong></span> <span class='ocrx_word' id='word_1_287' title='bbox 1942 2763 2177 2817; x_wconf 85' lang='lat' dir='ltr'><strong>similius</strong></span> <span class='ocrx_word' id='word_1_288' title='bbox 2205 2760 2613 2827; x_wconf 88' lang='lat' dir='ltr'><strong>coniectando,</strong></span> <span class='ocrx_word' id='word_1_289' title='bbox 2655 2763 2775 2814; x_wconf 83' lang='lat' dir='ltr'><strong>sive</strong></span> <span class='ocrx_word' id='word_1_290' title='bbox 2809 2758 2969 2833; x_wconf 88' lang='lat' dir='ltr'><strong>quod</strong></span> <span class='ocrx_word' id='word_1_291' title='bbox 2999 2763 3054 2813; x_wconf 89' lang='lat' dir='ltr'><strong>in</strong></span> <span class='ocrx_word' id='word_1_292' title='bbox 3090 2757 3222 2814; x_wconf 90' lang='lat' dir='ltr'><strong>edd.</strong></span> <span class='ocrx_word' id='word_1_293' title='bbox 3267 2759 3467 2831; x_wconf 75' lang='lat' dir='ltr'><strong>legitur</strong></span> 
     </span>
     <span class='ocr_line' id='line_1_28' title="bbox 974 2836 3470 2917; baseline 0 -25"><span class='ocrx_word' id='word_1_294' title='bbox 974 2850 1072 2893; x_wconf 85' lang='lat' dir='ltr'><strong>aut</strong></span> <span class='ocrx_word' id='word_1_295' title='bbox 1104 2836 1464 2892; x_wconf 87' lang='lat' dir='ltr'><strong>emendando</strong></span> <span class='ocrx_word' id='word_1_296' title='bbox 1494 2850 1592 2892; x_wconf 82' lang='lat' dir='ltr'><strong>aut</strong></span> <span class='ocrx_word' id='word_1_297' title='bbox 1632 2841 1831 2894; x_wconf 81' lang='lat' dir='ltr'><strong>melius</strong></span> <span class='ocrx_word' id='word_1_298' title='bbox 1873 2843 2251 2915; x_wconf 82' lang='lat' dir='ltr'><strong>explicando,</strong></span> <span class='ocrx_word' id='word_1_299' title='bbox 2296 2843 2558 2917; x_wconf 87' lang='lat' dir='ltr'><strong>equidem</strong></span> <span class='ocrx_word' id='word_1_300' title='bbox 2601 2861 2719 2898; x_wconf 90' lang='lat' dir='ltr'><strong>non</strong></span> <span class='ocrx_word' id='word_1_301' title='bbox 2769 2843 2996 2905; x_wconf 84' lang='lat' dir='ltr'><strong>babeo;</strong></span> <span class='ocrx_word' id='word_1_302' title='bbox 3039 2861 3142 2897; x_wconf 90' lang='lat' dir='ltr'><strong>nec</strong></span> <span class='ocrx_word' id='word_1_303' title='bbox 3179 2859 3293 2914; x_wconf 91' lang='lat' dir='ltr'><strong>quo</strong></span> <span class='ocrx_word' id='word_1_304' title='bbox 3342 2842 3470 2894; x_wconf 87' lang='lat' dir='ltr'><strong>loco</strong></span> 
     </span>
     <span class='ocr_line' id='line_1_29' title="bbox 970 2922 3526 2998; baseline -0 -21"><span class='ocrx_word' id='word_1_305' title='bbox 970 2924 1213 2977; x_wconf 67' lang='lat' dir='ltr'><strong>lacunae</strong></span> <span class='ocrx_word' id='word_1_306' title='bbox 1244 2922 1462 2992; x_wconf 80' lang='lat' dir='ltr'><strong>signum</strong></span> <span class='ocrx_word' id='word_1_307' title='bbox 1488 2939 1700 2995; x_wconf 80' lang='lat' dir='ltr'><strong>ponam</strong></span> <span class='ocrx_word' id='word_1_308' title='bbox 1738 2922 2000 2997; x_wconf 84' lang='lat' dir='ltr'><strong>dispicio.</strong></span> <span class='ocrx_word' id='word_1_309' title='bbox 2090 2927 2209 2980; x_wconf 84' lang='lat' dir='ltr'><strong>Hoc</strong></span> <span class='ocrx_word' id='word_1_310' title='bbox 2245 2928 2428 2981; x_wconf 89' lang='lat' dir='ltr'><strong>solum</strong></span> <span class='ocrx_word' id='word_1_311' title='bbox 2465 2926 2798 2995; x_wconf 71' lang='lat' dir='ltr'><strong>adseverare</strong></span> <span class='ocrx_word' id='word_1_312' title='bbox 2828 2926 3050 2992; x_wconf 87' lang='lat' dir='ltr'><strong>audeo,</strong></span> <span class='ocrx_word' id='word_1_313' title='bbox 3095 2926 3232 2979; x_wconf 89' lang='lat' dir='ltr'><strong>mihi</strong></span> <span class='ocrx_word' id='word_1_314' title='bbox 3270 2927 3462 2998; x_wconf 81' lang='lat' dir='ltr'><strong>primo</strong></span> <span class='ocrx_word' id='word_1_315' title='bbox 3517 2948 3526 2953; x_wconf 90' lang='lat'><strong>·</strong></span> 
     </span>
     <span class='ocr_line' id='line_1_30' title="bbox 969 2999 3469 3083; baseline -0.002 -21"><span class='ocrx_word' id='word_1_316' title='bbox 969 3004 1099 3063; x_wconf 77' lang='lat' dir='ltr'><strong>loco</strong></span> <span class='ocrx_word' id='word_1_317' title='bbox 1133 3006 1483 3077; x_wconf 84' lang='lat' dir='ltr'><strong>propositam</strong></span> <span class='ocrx_word' id='word_1_318' title='bbox 1520 3003 1839 3061; x_wconf 74' lang='lat' dir='ltr'><strong>Hemsterh.</strong></span> <span class='ocrx_word' id='word_1_319' title='bbox 1876 3007 2335 3063; x_wconf 87' lang='lat' dir='ltr'><strong>emendationem</strong></span> <span class='ocrx_word' id='word_1_320' title='bbox 2363 2999 2730 3081; x_wconf 67' lang='lat' dir='ltr'><strong>nxpaeerbmv,</strong></span> <span class='ocrx_word' id='word_1_321' title='bbox 2774 3020 3007 3083; x_wconf 86' lang='lat' dir='ltr'><strong>propter</strong></span> <span class='ocrx_word' id='word_1_322' title='bbox 3048 3011 3299 3062; x_wconf 88' lang='lat' dir='ltr'><strong>omnium</strong></span> <span class='ocrx_word' id='word_1_323' title='bbox 3343 3007 3469 3059; x_wconf 84' lang='lat' dir='ltr'><strong>lite·</strong></span> 
     </span>
     <span class='ocr_line' id='line_1_31' title="bbox 972 3085 3472 3164; baseline -0.001 -21"><span class='ocrx_word' id='word_1_324' title='bbox 972 3106 1158 3143; x_wconf 84' lang='lat' dir='ltr'><strong>rarum</strong></span> <span class='ocrx_word' id='word_1_325' title='bbox 1189 3085 1493 3158; x_wconf 81' lang='lat' dir='ltr'><strong>perfectam</strong></span> <span class='ocrx_word' id='word_1_326' title='bbox 1531 3091 1953 3160; x_wconf 81' lang='lat' dir='ltr'><strong>aequalitatem,</strong></span> <span class='ocrx_word' id='word_1_327' title='bbox 1995 3095 2358 3147; x_wconf 86' lang='lat' dir='ltr'><strong>certissimam</strong></span> <span class='ocrx_word' id='word_1_328' title='bbox 2396 3110 2516 3146; x_wconf 85' lang='lat' dir='ltr'><strong>esse</strong></span> <span class='ocrx_word' id='word_1_329' title='bbox 2550 3090 2749 3156; x_wconf 83' lang='lat' dir='ltr'><strong>videri,</strong></span> <span class='ocrx_word' id='word_1_330' title='bbox 2787 3096 2845 3146; x_wconf 90' lang='lat' dir='ltr'><strong>in</strong></span> <span class='ocrx_word' id='word_1_331' title='bbox 2871 3091 3335 3164; x_wconf 86' lang='lat' dir='ltr'><strong>qualemcumque</strong></span> <span class='ocrx_word' id='word_1_332' title='bbox 3368 3089 3472 3142; x_wconf 85' lang='lat' dir='ltr'><strong>de·</strong></span> 
     </span>
     <span class='ocr_line' id='line_1_32' title="bbox 973 3169 3468 3241; baseline -0.001 -14"><span class='ocrx_word' id='word_1_333' title='bbox 973 3189 1127 3227; x_wconf 86' lang='lat' dir='ltr'><strong>mum</strong></span> <span class='ocrx_word' id='word_1_334' title='bbox 1175 3169 1672 3241; x_wconf 84' lang='lat' dir='ltr'><strong>reprehensionem</strong></span> <span class='ocrx_word' id='word_1_335' title='bbox 1716 3190 1789 3226; x_wconf 75' lang='lat' dir='ltr'><strong>ex</strong></span> <span class='ocrx_word' id='word_1_336' title='bbox 1836 3191 1907 3228; x_wconf 91' lang='lat' dir='ltr'><strong>eo</strong></span> <span class='ocrx_word' id='word_1_337' title='bbox 1957 3192 2188 3230; x_wconf 86' lang='lat' dir='ltr'><strong>necesse</strong></span> <span class='ocrx_word' id='word_1_338' title='bbox 2233 3178 2304 3229; x_wconf 90' lang='lat' dir='ltr'><strong>sit</strong></span> <span class='ocrx_word' id='word_1_339' title='bbox 2355 3178 2654 3230; x_wconf 83' lang='lat' dir='ltr'><strong>Auctorem</strong></span> <span class='ocrx_word' id='word_1_340' title='bbox 2699 3187 2957 3229; x_wconf 87' lang='lat' dir='ltr'><strong>nostrum.</strong></span> <span class='ocrx_word' id='word_1_341' title='bbox 2989 3177 3290 3228; x_wconf 88' lang='lat' dir='ltr'><strong>incurrere.</strong></span> <span class='ocrx_word' id='word_1_342' title='bbox 3375 3172 3468 3225; x_wconf 89' lang='lat' dir='ltr'><strong>Ne</strong></span> 
     </span>
     <span class='ocr_line' id='line_1_33' title="bbox 973 3241 3472 3330; baseline 0 -22"><span class='ocrx_word' id='word_1_343' title='bbox 973 3241 1354 3321; x_wconf 71' lang='grc' dir='ltr'><strong>Πηλουσιακὸν</strong></span> <span class='ocrx_word' id='word_1_344' title='bbox 1390 3271 1751 3326; x_wconf 81' lang='lat' dir='ltr'><strong>reponamus,</strong></span> <span class='ocrx_word' id='word_1_345' title='bbox 1780 3267 1929 3310; x_wconf 81' lang='lat' dir='ltr'><strong>vetat</strong></span> <span class='ocrx_word' id='word_1_346' title='bbox 1961 3257 2248 3313; x_wconf 85' lang='lat' dir='ltr'><strong>literarum</strong></span> <span class='ocrx_word' id='word_1_347' title='bbox 2276 3257 2692 3323; x_wconf 83' lang='lat' dir='ltr'><strong>dissimilitudo,</strong></span> <span class='ocrx_word' id='word_1_348' title='bbox 2735 3269 2792 3311; x_wconf 92' lang='lat' dir='ltr'><strong>et</strong></span> <span class='ocrx_word' id='word_1_349' title='bbox 2824 3275 2971 3330; x_wconf 87' lang='lat' dir='ltr'><strong>quae</strong></span> <span class='ocrx_word' id='word_1_350' title='bbox 3013 3274 3146 3311; x_wconf 80' lang='lat' dir='ltr'><strong>mox</strong></span> <span class='ocrx_word' id='word_1_351' title='bbox 3182 3275 3234 3310; x_wconf 79' lang='lat' dir='ltr'><strong>v,</strong></span> <span class='ocrx_word' id='word_1_352' title='bbox 3269 3272 3472 3325; x_wconf 76' lang='lat'><strong>14·15.</strong></span> 
     </span>
     <span class='ocr_line' id='line_1_34' title="bbox 977 3335 3470 3413; baseline 0 -22"><span class='ocrx_word' id='word_1_353' title='bbox 977 3337 1253 3392; x_wconf 87' lang='lat' dir='ltr'><strong>dicuntur.</strong></span> <span class='ocrx_word' id='word_1_354' title='bbox 1334 3335 1533 3408; x_wconf 84' lang='lat' dir='ltr'><strong>Itaque</strong></span> <span class='ocrx_word' id='word_1_355' title='bbox 1572 3350 1631 3392; x_wconf 87' lang='lat' dir='ltr'><strong>ut</strong></span> <span class='ocrx_word' id='word_1_356' title='bbox 1666 3338 2074 3393; x_wconf 77' lang='lat' dir='ltr'><strong>Paraetonium</strong></span> <span class='ocrx_word' id='word_1_357' title='bbox 2105 3342 2305 3395; x_wconf 87' lang='lat' dir='ltr'><strong>saltem</strong></span> <span class='ocrx_word' id='word_1_358' title='bbox 2350 3346 2408 3394; x_wconf 88' lang='lat' dir='ltr'><strong>in</strong></span> <span class='ocrx_word' id='word_1_359' title='bbox 2445 3345 2703 3395; x_wconf 76' lang='lat' dir='ltr'><strong>versione</strong></span> <span class='ocrx_word' id='word_1_360' title='bbox 2743 3341 3016 3413; x_wconf 85' lang='lat' dir='ltr'><strong>legeretur</strong></span> <span class='ocrx_word' id='word_1_361' title='bbox 3050 3342 3258 3393; x_wconf 84' lang='lat' dir='ltr'><strong>curavi.</strong></span> <span class='ocrx_word' id='word_1_362' title='bbox 3346 3339 3470 3393; x_wconf 82' lang='lat' dir='ltr'><strong>Hoc</strong></span> 
     </span>
     <span class='ocr_line' id='line_1_35' title="bbox 974 3415 3475 3497; baseline 0 -23"><span class='ocrx_word' id='word_1_363' title='bbox 974 3420 1316 3497; x_wconf 55' lang='lat' dir='ltr'><strong>genuinum,</strong></span> <span class='ocrx_word' id='word_1_364' title='bbox 1357 3415 1647 3489; x_wconf 53' lang='lat' dir='ltr'><strong>napaei-eon</strong></span> <span class='ocrx_word' id='word_1_365' title='bbox 1682 3440 1815 3476; x_wconf 75' lang='lat' dir='ltr'><strong>vero</strong></span> <span class='ocrx_word' id='word_1_366' title='bbox 1867 3422 2082 3476; x_wconf 85' lang='lat' dir='ltr'><strong>librarii</strong></span> <span class='ocrx_word' id='word_1_367' title='bbox 2119 3441 2368 3478; x_wconf 88' lang='lat' dir='ltr'><strong>errorem</strong></span> <span class='ocrx_word' id='word_1_368' title='bbox 2404 3441 2564 3486; x_wconf 85' lang='lat' dir='ltr'><strong>esse,</strong></span> <span class='ocrx_word' id='word_1_369' title='bbox 2606 3435 2723 3477; x_wconf 89' lang='lat' dir='ltr'><strong>tum</strong></span> <span class='ocrx_word' id='word_1_370' title='bbox 2767 3423 3000 3479; x_wconf 76' lang='lat' dir='ltr'><strong>fortasse</strong></span> <span class='ocrx_word' id='word_1_371' title='bbox 3040 3421 3378 3495; x_wconf 82' lang='lat' dir='ltr'><strong>adparebit,</strong></span> <span class='ocrx_word' id='word_1_372' title='bbox 3425 3423 3475 3474; x_wconf 84' lang='lat' dir='ltr'><strong>si</strong></span> 
     </span>
     <span class='ocr_line' id='line_1_36' title="bbox 980 3499 3467 3580; baseline 0.002 -28"><span class='ocrx_word' id='word_1_373' title='bbox 980 3520 1051 3556; x_wconf 80' lang='lat' dir='ltr'><strong>ex</strong></span> <span class='ocrx_word' id='word_1_374' title='bbox 1084 3501 1199 3554; x_wconf 81' lang='lat' dir='ltr'><strong>alio</strong></span> <span class='ocrx_word' id='word_1_375' title='bbox 1232 3499 1479 3570; x_wconf 88' lang='lat' dir='ltr'><strong>quodam</strong></span> <span class='ocrx_word' id='word_1_376' title='bbox 1517 3501 1661 3559; x_wconf 90' lang='lat' dir='ltr'><strong>Cod.</strong></span> <span class='ocrx_word' id='word_1_377' title='bbox 1686 3505 1810 3560; x_wconf 87' lang='lat' dir='ltr'><strong>MS.</strong></span> <span class='ocrx_word' id='word_1_378' title='bbox 1836 3508 2047 3560; x_wconf 86' lang='lat' dir='ltr'><strong>restitui</strong></span> <span class='ocrx_word' id='word_1_379' title='bbox 2081 3506 2388 3578; x_wconf 87' lang='lat' dir='ltr'><strong>aliquando</strong></span> <span class='ocrx_word' id='word_1_380' title='bbox 2428 3517 2679 3580; x_wconf 85' lang='lat' dir='ltr'><strong>possent,</strong></span> <span class='ocrx_word' id='word_1_381' title='bbox 2724 3524 2871 3578; x_wconf 85' lang='lat' dir='ltr'><strong>quae</strong></span> <span class='ocrx_word' id='word_1_382' title='bbox 2904 3503 3249 3560; x_wconf 86' lang='lat' dir='ltr'><strong>intercidisse</strong></span> <span class='ocrx_word' id='word_1_383' title='bbox 3287 3502 3467 3557; x_wconf 87' lang='lat' dir='ltr'><strong>credi·</strong></span> 
     </span>
     <span class='ocr_line' id='line_1_37' title="bbox 977 3582 3466 3661; baseline 0.001 -24"><span class='ocrx_word' id='word_1_384' title='bbox 977 3585 1094 3645; x_wconf 78' lang='lat' dir='ltr'><strong>bile</strong></span> <span class='ocrx_word' id='word_1_385' title='bbox 1137 3593 1251 3636; x_wconf 86' lang='lat' dir='ltr'><strong>est:</strong></span> <span class='ocrx_word' id='word_1_386' title='bbox 1297 3582 1607 3657; x_wconf 85' lang='lat' dir='ltr'><strong>quibusque</strong></span> <span class='ocrx_word' id='word_1_387' title='bbox 1662 3590 1896 3660; x_wconf 85' lang='lat' dir='ltr'><strong>repertis</strong></span> <span class='ocrx_word' id='word_1_388' title='bbox 1932 3587 2370 3661; x_wconf 77' lang='lat' dir='ltr'><strong>Xenophontem</strong></span> <span class='ocrx_word' id='word_1_389' title='bbox 2418 3591 2732 3660; x_wconf 86' lang='lat' dir='ltr'><strong>imperitiae</strong></span> <span class='ocrx_word' id='word_1_390' title='bbox 2776 3607 2934 3643; x_wconf 88' lang='lat' dir='ltr'><strong>reum</strong></span> <span class='ocrx_word' id='word_1_391' title='bbox 2973 3591 3250 3643; x_wconf 84' lang='lat' dir='ltr'><strong>immerito</strong></span> <span class='ocrx_word' id='word_1_392' title='bbox 3296 3587 3466 3640; x_wconf 83' lang='lat' dir='ltr'><strong>fuisse</strong></span> 
     </span>
     <span class='ocr_line' id='line_1_38' title="bbox 979 3664 3463 3745; baseline 0 -24"><span class='ocrx_word' id='word_1_393' title='bbox 979 3677 1167 3722; x_wconf 83' lang='lat' dir='ltr'><strong>actum</strong></span> <span class='ocrx_word' id='word_1_394' title='bbox 1202 3665 1370 3717; x_wconf 82' lang='lat' dir='ltr'><strong>simul</strong></span> <span class='ocrx_word' id='word_1_395' title='bbox 1405 3664 1546 3721; x_wconf 76' lang='lat' dir='ltr'><strong>forte</strong></span> <span class='ocrx_word' id='word_1_396' title='bbox 1578 3687 2053 3740; x_wconf 80' lang='lat' dir='ltr'><strong>cognosceremus.</strong></span> <span class='ocrx_word' id='word_1_397' title='bbox 2099 3673 2170 3725; x_wconf 86' lang='lat' dir='ltr'><strong>In</strong></span> <span class='ocrx_word' id='word_1_398' title='bbox 2201 3671 2408 3725; x_wconf 80' lang='lat' dir='ltr'><strong>Tabula</strong></span> <span class='ocrx_word' id='word_1_399' title='bbox 2440 3671 2883 3744; x_wconf 72' lang='lat' dir='ltr'><strong>Peutingeriana</strong></span> <span class='ocrx_word' id='word_1_400' title='bbox 2917 3690 3020 3745; x_wconf 89' lang='lat' dir='ltr'><strong>pro</strong></span> <span class='ocrx_word' id='word_1_401' title='bbox 3052 3670 3463 3724; x_wconf 74' lang='lat' dir='ltr'><strong>Paraetonium</strong></span> 
     </span>
     <span class='ocr_line' id='line_1_39' title="bbox 979 3751 3458 3829; baseline 0 -24"><span class='ocrx_word' id='word_1_402' title='bbox 979 3757 1236 3821; x_wconf 84' lang='lat' dir='ltr'><strong>corrupte</strong></span> <span class='ocrx_word' id='word_1_403' title='bbox 1272 3765 1494 3821; x_wconf 86' lang='lat' dir='ltr'><strong>quoque</strong></span> <span class='ocrx_word' id='word_1_404' title='bbox 1543 3751 1739 3822; x_wconf 79' lang='lat' dir='ltr'><strong>legitur</strong></span> <span class='ocrx_word' id='word_1_405' title='bbox 1774 3753 2126 3808; x_wconf 62' lang='lat' dir='ltr'><strong>PretoniM.</strong></span> <span class='ocrx_word' id='word_1_406' title='bbox 2164 3756 2395 3829; x_wconf 87' lang='lat' dir='ltr'><strong>Ineptus</strong></span> <span class='ocrx_word' id='word_1_407' title='bbox 2436 3753 2799 3809; x_wconf 83' lang='lat' dir='ltr'><strong>Germanicus</strong></span> <span class='ocrx_word' id='word_1_408' title='bbox 2834 3759 3128 3827; x_wconf 80' lang='lat' dir='ltr'><strong>interpres,</strong></span> <span class='ocrx_word' id='word_1_409' title='bbox 3162 3770 3330 3824; x_wconf 86' lang='lat' dir='ltr'><strong>quem</strong></span> <span class='ocrx_word' id='word_1_410' title='bbox 3369 3771 3458 3806; x_wconf 80' lang='lat' dir='ltr'><strong>se·</strong></span> 
     </span>
     <span class='ocr_line' id='line_1_40' title="bbox 984 3830 3453 3912; baseline -0 -24"><span class='ocrx_word' id='word_1_411' title='bbox 984 3833 1096 3888; x_wconf 83' lang='lat' dir='ltr'><strong>mel</strong></span> <span class='ocrx_word' id='word_1_412' title='bbox 1154 3830 1357 3884; x_wconf 87' lang='lat' dir='ltr'><strong>saltem</strong></span> <span class='ocrx_word' id='word_1_413' title='bbox 1410 3831 1709 3888; x_wconf 88' lang='lat' dir='ltr'><strong>lectoribus</strong></span> <span class='ocrx_word' id='word_1_414' title='bbox 1744 3835 2042 3891; x_wconf 90' lang='lat' dir='ltr'><strong>ridendum</strong></span> <span class='ocrx_word' id='word_1_415' title='bbox 2080 3842 2381 3910; x_wconf 81' lang='lat' dir='ltr'><strong>propinare</strong></span> <span class='ocrx_word' id='word_1_416' title='bbox 2436 3837 2638 3901; x_wconf 82' lang='lat' dir='ltr'><strong>liceat,</strong></span> <span class='ocrx_word' id='word_1_417' title='bbox 2680 3850 2858 3912; x_wconf 81' lang='lat' dir='ltr'><strong>p.89.</strong></span> <span class='ocrx_word' id='word_1_418' title='bbox 2899 3840 3091 3891; x_wconf 73' lang='lat' dir='ltr'><strong>vertitz</strong></span> <span class='ocrx_word' id='word_1_419' title='bbox 3135 3837 3239 3888; x_wconf 80' lang='lat' dir='ltr'><strong>das</strong></span> <span class='ocrx_word' id='word_1_420' title='bbox 3278 3834 3453 3887; x_wconf 74' lang='lat' dir='ltr'><strong>Fabr-</strong></span> 
     </span>
     <span class='ocr_line' id='line_1_41' title="bbox 983 3913 3464 3992; baseline 0 -20"><span class='ocrx_word' id='word_1_421' title='bbox 983 3913 1323 3988; x_wconf 59' lang='grc' dir='ltr'><strong>ωας-ὢ]</strong></span> <span class='ocrx_word' id='word_1_422' title='bbox 1341 3913 1621 3987; x_wconf 67' lang='lat' dir='ltr'><strong>ungefdhr</strong></span> <span class='ocrx_word' id='word_1_423' title='bbox 1646 3916 1710 3969; x_wconf 77' lang='lat' dir='ltr'><strong>in</strong></span> <span class='ocrx_word' id='word_1_424' title='bbox 1747 3918 1848 3972; x_wconf 79' lang='lat' dir='ltr'><strong>der</strong></span> <span class='ocrx_word' id='word_1_425' title='bbox 1870 3920 2185 3992; x_wconf 66' lang='lat' dir='ltr'><strong>Mandung</strong></span> <span class='ocrx_word' id='word_1_426' title='bbox 2217 3920 2317 3973; x_wconf 86' lang='lat' dir='ltr'><strong>des</strong></span> <span class='ocrx_word' id='word_1_427' title='bbox 2350 3919 2691 3975; x_wconf 81' lang='lat' dir='ltr'><strong>Nilstromes</strong></span> <span class='ocrx_word' id='word_1_428' title='bbox 2724 3921 2835 3984; x_wconf 75' lang='lat' dir='ltr'><strong>ein,</strong></span> <span class='ocrx_word' id='word_1_429' title='bbox 2879 3938 2967 3972; x_wconf 81' lang='lat' dir='ltr'><strong>wo</strong></span> <span class='ocrx_word' id='word_1_430' title='bbox 3008 3936 3067 3972; x_wconf 81' lang='lat' dir='ltr'><strong>es</strong></span> <span class='ocrx_word' id='word_1_431' title='bbox 3108 3918 3172 3971; x_wconf 80' lang='lat' dir='ltr'><strong>in</strong></span> <span class='ocrx_word' id='word_1_432' title='bbox 3216 3918 3317 3971; x_wconf 81' lang='lat' dir='ltr'><strong>der</strong></span> <span class='ocrx_word' id='word_1_433' title='bbox 3356 3919 3464 3972; x_wconf 81' lang='lat' dir='ltr'><strong>Ge·</strong></span> 
     </span>
     <span class='ocr_line' id='line_1_42' title="bbox 982 3996 3469 4073; baseline 0.001 -20"><span class='ocrx_word' id='word_1_434' title='bbox 982 3996 1142 4069; x_wconf 70' lang='lat' dir='ltr'><strong>gend</strong></span> <span class='ocrx_word' id='word_1_435' title='bbox 1167 4014 1278 4051; x_wconf 81' lang='lat' dir='ltr'><strong>von</strong></span> <span class='ocrx_word' id='word_1_436' title='bbox 1310 3997 1633 4063; x_wconf 61' lang='lat' dir='ltr'><strong>Patalium,</strong></span> <span class='ocrx_word' id='word_1_437' title='bbox 1654 4000 1808 4054; x_wconf 78' lang='lat' dir='ltr'><strong>einer</strong></span> <span class='ocrx_word' id='word_1_438' title='bbox 1829 4001 2094 4056; x_wconf 81' lang='lat' dir='ltr'><strong>Seestadt</strong></span> <span class='ocrx_word' id='word_1_439' title='bbox 2120 4003 2472 4066; x_wconf 74' lang='lat' dir='ltr'><strong>Pho’nc‘u&#39;ens,</strong></span> <span class='ocrx_word' id='word_1_440' title='bbox 2496 4002 2814 4058; x_wconf 82' lang='lat' dir='ltr'><strong>anlandete.</strong></span> <span class='ocrx_word' id='word_1_441' title='bbox 2859 4004 2949 4057; x_wconf 70' lang='lat' dir='ltr'><strong>Er.</strong></span> <span class='ocrx_word' id='word_1_442' title='bbox 2985 4019 3169 4073; x_wconf 75' lang='lat' dir='ltr'><strong>ungue</strong></span> <span class='ocrx_word' id='word_1_443' title='bbox 3198 4002 3419 4054; x_wconf 89' lang='lat' dir='ltr'><strong>leonem</strong></span> <span class='ocrx_word' id='word_1_444' title='bbox 3454 4004 3469 4055; x_wconf 72' lang='grc' dir='ltr'><strong>Ξ</strong></span> 
     </span>
    </p>
   </div>
   <div class='ocr_carea' id='block_1_3' title="bbox 1183 4073 3491 4168">
    <p class='ocr_par' dir='ltr' id='par_1_3' title="bbox 1183 4073 3491 4168">
     <span class='ocr_line' id='line_1_43' title="bbox 1183 4073 3491 4168; baseline 0.001 -27"><span class='ocrx_word' id='word_1_445' title='bbox 1183 4073 1249 4141; x_wconf 82' lang='grc' dir='ltr'><strong>Ρ.</strong></span> <span class='ocrx_word' id='word_1_446' title='bbox 1274 4088 1374 4157; x_wconf 81' lang='lat'><strong>72.</strong></span> <span class='ocrx_word' id='word_1_447' title='bbox 1395 4094 1457 4142; x_wconf 84' lang='lat' dir='ltr'><strong>V.</strong></span> <span class='ocrx_word' id='word_1_448' title='bbox 1485 4089 1565 4147; x_wconf 84' lang='lat'><strong>12</strong></span> <span class='ocrx_word' id='word_1_449' title='bbox 1584 4114 1605 4129; x_wconf 91' lang='lat'><strong>·</strong></span> <span class='ocrx_word' id='word_1_450' title='bbox 1629 4090 1726 4160; x_wconf 79' lang='lat'><strong>13.</strong></span> <span class='ocrx_word' id='word_1_451' title='bbox 1766 4074 2097 4163; x_wconf 61' lang='grc' dir='ltr'><strong>ἐκπεσοῦσι]</strong></span> <span class='ocrx_word' id='word_1_452' title='bbox 2147 4087 2418 4158; x_wconf 81' lang='lat' dir='ltr'><strong>Quamvis</strong></span> <span class='ocrx_word' id='word_1_453' title='bbox 2452 4105 2625 4168; x_wconf 83' lang='lat' dir='ltr'><strong>saepe</strong></span> <span class='ocrx_word' id='word_1_454' title='bbox 2662 4102 2956 4165; x_wconf 81' lang='lat' dir='ltr'><strong>usurpetur</strong></span> <span class='ocrx_word' id='word_1_455' title='bbox 2981 4076 3258 4151; x_wconf 67' lang='grc' dir='ltr'><strong>ε’κπίπΊειι</strong></span> <span class='ocrx_word' id='word_1_456' title='bbox 3290 4086 3361 4143; x_wconf 87' lang='lat' dir='ltr'><strong>de</strong></span> <span class='ocrx_word' id='word_1_457' title='bbox 3392 4093 3491 4161; x_wconf 64' lang='lat' dir='ltr'><strong>iis,</strong></span> 
     </span>
    </p>
   </div>
  </div>
 </body>
</html>
