3969 5126
2974 437 3003 465 l

933 543 1774 649 xEN'opuoN‘r.
1898 590 2601 649 EPHESIVM.
2900 607 3021 677 147

540 726 909 783 pah-9¹¹3
944 728 1308 785 p4.7v..11
1340 716 1824 789 p.....63v1et4
1861 726 2485 789 p..81v·2·...1>91v
2516 734 3016 793 ι4.Ρ...93νιι.

538 804 1019 866 p.1o4·v·13.p·
1051 809 1698 896 108.ν.ι4.,,..Ρ.109ν
1726 816 1896 871 ¹3..p
1924 815 2126 868 113.v.
2159 814 2664 872 to.p.114.v..10

729 861 796 930 Ρ.
815 885 876 947 9.
902 890 962 935 v-
987 887 1082 937 12.
1118 868 1340 953 ε’νεῶρων
1373 868 1677 954 ἇλλῆλοις]
1730 881 1848 935 Hoc
1884 881 2011 935 loco
2042 870 2225 954 {rapit
2259 899 2376 935 non
2404 867 2558 937 va'let
2583 885 2765 939 solum
2793 896 3010 958 speeta-

535 974 617 1023 re,
659 958 1135 1030 quemadmodum
1168 963 1413 1017 reddidit
1451 963 1737 1029 Coc-chius,
1779 963 1879 1017 sed
1901 964 2092 1019 oculos
2127 963 2384 1037 dffigere.
2446 965 2631 1019 Multo
2664 973 2843 1023 minus
2868 983 3016 1025 recte

532 1038 819 1096 salvinius
855 1046 1246 1118 interpretatus
1282 1059 1361 1099 est
1379 1047 1673 1138 facevano
1694 1046 1820 1117 agli
1857 1046 2017 1100 occlti
2038 1047 2161 1100 dire
2192 1047 2242 1099 il
2266 1063 2416 1112 vera,
2457 1036 2522 1101 τὸ
2567 1036 2782 1115 &Mais
2820 1069 2893 1106 ex
2928 1071 3016 1107 se·

532 1125 827 1194 «luentibus
859 1144 1158 1199 perperam
1192 1131 1523 1184 immiscens.
1605 1116 1673 1183 E’
1674 1123 1804 1201 νσρό
1830 1146 1916 1186 σοι
1950 1132 2031 1184 ait
2060 1129 2328 1227 Stepnhan.
2348 1132 2407 1182 iu
2425 1130 2598 1183 Thes.
2617 1129 2729 1184 dici
2762 1149 2798 1185 a
2821 1134 3010 1188 Xeno·

519 1206 738 1276 phonte
757 1208 1112 1273 Atheniensi
1153 1209 1255 1264 sed
1292 1212 1478 1265 locum
1515 1231 1627 1266 non
1664 1211 1894 1274 indicat,
1938 1215 2033 1282 qui
2073 1223 2155 1265 est
2188 1214 2245 1265 in
2283 1212 2493 1284 Cyrop.
2509 1212 2610 1266 lib.
2629 1214 2680 1267 1.
2692 1233 2742 1270 c.
2765 1229 2821 1280 4.
2846 1235 2892 1271 s.
2915 1233 3012 1285 27.

419 1301 432 1314 ‘
530 1288 781 1344 Occurrit
805 1289 1103 1361 aliquoties
1130 1291 1283 1364 apud
1307 1294 1596 1348 Plutarch.
1680 1294 1907 1365 Legitur
1933 1310 2158 1364 quoque
2182 1291 2342 1365 apud
2371 1291 2593 1346 Aelian.
2615 1293 2689 1348 de
2724 1295 2799 1350 N.
2822 1298 3013 1358 Anim.

521 1370 622 1428 lib.
638 1372 833 1426 XVII.
859 1389 904 1430 c.
934 1389 1023 1442 ¹3·
1047 1385 1101 1426 et
1132 1377 1189 1427 in
1217 1373 1460 1429 confictis
1497 1376 1609 1429 inis
1634 1376 1886 1469 epistolis
1919 1374 2307 1428 Heminae-lis
2327 1391 2416 1446 ep.
2434 1375 2599 1428 xlx.
2615 1393 2659 1429 s.
2680 1392 2774 1444 27.

713 1447 782 1513 Ρ.
805 1465 866 1531 9.
891 1469 955 1515 v.
978 1463 1075 1531 13.
1106 1452 1344 1512 τοσοῦτο
1384 1446 1439 1511 δὲ
1480 1444 1833 1529 ἔστοναξεν”
1792 1474 1858 1511 ar
1894 1449 2064 1527 ποτε]
2110 1455 2270 1511 Nihil
2305 1459 2646 1524 intricatius,
2689 1461 2738 1511 si
2775 1477 2894 1515 uno
2923 1480 3011 1515 or·

523 1534 657 1589 dine
694 1541 1016 1631 coniungas.
1101 1538 1508 1594 Difficultatem
1543 1538 1811 1612 expediet
1859 1555 2081 1594 comma
2115 1540 2244 1595 loco
2274 1541 2557 1611 positum.
2619 1537 2861 1597 τοσοῦτο
2904 1532 3000 1608 δὲ,

513 1606 868 1692 foringer*
822 1638 895 1676 mr
916 1638 1074 1685 ποτε,
1116 1628 1349 1675 tantum
1373 1640 1527 1683 vem,-
1565 1622 1670 1675 hoc
1703 1639 1883 1675 unum
1917 1637 2070 1684 vero,
2106 1640 2209 1675 nea
2243 1621 2560 1693 quidquam
2588 1623 2861 1694 amplius,
2896 1641 3008 1697 pu

517 1700 652 1753 dore
682 1702 1006 1769 deterritus,
1047 1701 1312 1768 audebat,
1355 1722 1534 1776 quam
1562 1714 1628 1758 ut
1660 1704 1916 1758 dolorem
1935 1704 2167 1774 gemitu
2200 1712 2259 1757 et
2283 1703 2552 1775 lacrymis
2587 1704 2873 1777 proderet.
2915 1708 3008 1763 Ea

516 1786 597 1836 vis
624 1796 704 1838 est
729 1788 784 1837 in
810 1782 1069 1851 τοσοῦτο,
1096 1786 1186 1840 vel
1209 1784 1475 1843 τοσοῦτον
1504 1777 1580 1842 δέ.
1626 1788 1908 1842 Structura
1938 1787 2197 1889 paullum
2237 1785 2454 1840 diversa
2481 1805 2535 1860 Ρ
2540 1788 2638 1855 36.
2660 1807 2710 1840 ν.
2726 1807 2747 1841 1
2769 1808 2817 1842 ι.
2803 1807 2895 1863 ..Ρ
2900 1793 2998 1862 56.

513 1885 566 1919 v.
587 1880 646 1930 4.
693 1868 877 1940 Long.
899 1869 1048 1922 Past.
1095 1868 1195 1922 lib.
1216 1870 1323 1923 111.
1348 1888 1407 1941 p.
1432 1888 1529 1940 99.
1560 1859 1682 1923 ι’ἱτθτ
1719 1859 1897 1936 μόνον,
1941 1891 1979 1924 ω
2013 1861 2180 1941 Δρύα.
2212 1863 2504 1924 τοσοῦτον.
2548 1868 2998 1928 HEMSTERH.

513 1949 731 2003 Vereor
762 1962 822 2003 ut
856 1951 1014 2003 locus
1050 1951 1252 2020 aliquis
1285 1951 1522 2022 proferri
1557 1953 1774 2023 possit,
1816 1952 1913 2006 ubi
1946 1947 2213 2016 τοσοῦτον
2253 1953 2333 2003 ita
2361 1949 2513 2003 nude
2550 1961 2716 2022 atque
2740 1952 3001 2010 absolute

510 2034 755 2102 positum
790 2035 897 2098 sit,
939 2030 1417 2104 quemadmodum
1459 2037 1517 2086 in
1550 2032 1807 2087 hocloco
1834 2033 2148 2089 adhibitum
2168 2032 2290 2089 vult
2308 2034 2392 2086 vir
2419 2031 2632 2086 doctus.
2716 2033 3000 2106 Equidem

508 2129 626 2165 non
666 2117 897 2169 memini
935 2132 1024 2168 me
1053 2114 1166 2168 isto
1204 2130 1369 2167 sensu
1391 2115 1614 2186 legere,
1656 2118 1765 2168 nisi
1800 2134 1921 2170 cum
1952 2114 2126 2170 verbo
2165 2116 2357 2185 aliquo
2386 2116 2760 2182 coniunctum,
2805 2135 2841 2169 a
2883 2136 2997 2191 quo

506 2196 672 2264 igitur
706 2211 821 2250 non
860 2209 1054 2270 potest¹
1096 2210 1373 2252 commate
1403 2197 1661 2270 disiungi.
1746 2197 2042 2273 Exemplis
2079 2215 2151 2252 ex
2176 2196 2429 2250 Auctore
2459 2205 2653 2252 nostro
2703 2210 2759 2252 et
2792 2199 2996 2273 Longo

505 2281 803 2342 inuicatis,
845 2284 1024 2351 iisque
1050 2298 1196 2350 quae
1224 2280 1445 2335 D’Orv.
1480 2279 1557 2334 ad
1591 2279 1803 2335 Clean-it.
1823 2297 1880 2353 Ρ.
1905 2297 2045 2348 427.
2064 2280 2534 2345 subministravit,
2580 2279 2748 2352 plura
2783 2280 2996 2339 addere

505 2378 986 2457 supervacaneum
1023 2361 1187 2415 soret.
1273 2365 1340 2415 In
1377 2362 1581 2417 talibus
1618 2365 1877 2416 nimirum
1905 2359 2144 2419 τοσοῦτο
2191 2360 2344 2416 valet
2376 2357 2584 2426 τοῦτο,
2624 2363 2718 2414 vel
2754 2361 2992 2421 τοσοῦτο

501 2432 683 2510 abror,
725 2442 878 2515 quod
906 2443 1184 2496 interdum
1218 2447 1296 2495 sic
1333 2445 1503 2516 plene
1537 2447 1828 2515 reperitur,
1873 2446 2027 2499 velut
2051 2463 2099 2498 e.
2122 2462 2167 2496 c.
2199 2440 2354 2516 apud
2372 2442 2627 2514 Xenoph.
2647 2443 2857 2518 Cyrop.
2897 2447 3000 2505 lib.

503 2527 637 2582 Vll.
655 2544 699 2580 c.
726 2546 774 2579 ι.
792 2544 838 2579 s.
860 2543 914 2578 2.
940 2536 995 2579 et
1015 2526 1215 2579 Latine
1253 2517 1551 2581 commode
1586 2529 1850 2580 vertitur.
1896 2526 2003 2581 hoc
2033 2526 2255 2591 solum,
2299 2524 2404 2578 hoc
2435 2524 2678 2591 saltem,
2719 2526 2827 2581 hoc
2864 2537 2994 2582 tan-

501 2618 652 2674 tum,
696 2609 787 2661 vel
823 2616 1074 2673 eatenus,
1117 2608 1403 2665 hactenus.
1487 2609 1590 2663 Est
1622 2613 1816 2673 etiam,
1841 2610 1937 2664 ubi
1962 2611 2090 2665 solo
2121 2608 2393 2667 adverbio
2434 2617 2669 2661 tantum
2704 2609 2866 2664 reddi
2890 2611 2990 2668 de-

501 2691 637 2757 bet,
677 2693 717 2744 i.
748 2709 795 2744 e.
831 2709 934 2781 pro
959 2696 1177 2744 ratione
1214 2692 1363 2757 loci,
1405 2703 1501 2745 aut
1531 2692 1865 2755 tantillum,
1909 2704 2007 2746 aut
2035 2699 2387 2762 tantopere.
2433 2691 2575 2744 Cum
2611 2689 2990 2764 subsequente

498 2759 667 2838 ὅσον,
713 2774 802 2827 vel
846 2758 979 2838 ω’ςτε
1023 2786 1392 2828 constructum
1429 2777 1657 2828 vertitur
1689 2774 1850 2840 adeo,
1894 2783 1979 2840 at,
2024 2776 2115 2829 vel
2150 2782 2507 2869 tamquam.
2559 2772 2826 2845 Denique
2850 2765 2987 2838 τὸγε

500 2851 787 2922 τοσοῦτον,
830 2855 985 2926 quod
1013 2855 1124 2909 dici
1157 2855 1375 2911 videtur
1405 2874 1510 2927 pro
1548 2844 1703 2910 κατὰ
1725 2848 1860 2918 τόγε
1894 2853 2163 2912 τοσοῦτον
2188 2846 2375 2928 μέρος,
2411 2858 2661 2909 converti
2693 2855 2809 2911 fere
2837 2877 2984 2913 sem·

497 2955 604 3010 per
639 2949 859 3011 potest:
921 2938 1076 3010 quod
1101 2938 1183 2991 ad
1229 2939 1334 2992 Ιιοσ
1368 2938 1599 3011 quidem
1651 2939 1911 3003 adtinet,
1957 2939 2066 2991 hac
2101 2938 2331 3009 quidem
2367 2939 2428 2990 in
2460 2945 2663 3009 parte,
2707 2949 2979 3009 eatenus,

499 3022 618 3072 sive
658 3021 928 3073 hactenus
960 3020 1207 3091 quidem.
1292 3020 1451 3074 Solet
1500 3032 1686 3074 autem
1731 3010 1873 3075 baec
1910 3021 2154 3074 formula
2181 3020 2272 3073 vel
2312 3023 2368 3071 in
2401 3017 2514 3071 fine
2556 3019 2778 3090 pe'riodi
2808 3027 2984 3094 poni,

493 3114 663 3172 prout
691 3106 744 3155 in
787 3103 1051 3174 exemplo
1090 3103 1163 3156 ab
1193 3101 1267 3154 H.
1290 3102 1478 3174 Steph
1506 3105 1560 3155 in
1586 3102 1883 3157 Thesauro
1921 3102 2171 3174 prolato,
2197 3103 2285 3154 cui
2320 3099 2471 3154 adde
2491 3100 2720 3157 Platon.
2745 3101 2816 3156 de
2840 3105 2980 3178 Leg.

490 3184 590 3236 tib.
601 3186 725 3236 VII.
752 3185 1050 3237 V01.v111.
1074 3203 1126 3256 Ρ.
1147 3203 1285 3254 373.
1306 3187 1398 3239 vel
1436 3196 1565 3237 ante
1596 3185 1863 3249 verbum,
1907 3183 1981 3237 ad
2010 3182 2162 3256 quod
2180 3194 2436 3277 spectat,
2479 3194 2718 3256 proute.
2743 3202 2787 3237 c.
2820 3187 2980 3258 apud

493 3265 733 3321 Luc-ian.
750 3267 899 3321 Tim.
922 3266 1054 3319 Vol
1077 3269 1122 3319 1.
1143 3285 1197 3340 Ρ.
1225 3278 1356 3339 158.
1380 3253 1416 3335 αἳ
1453 3253 1586 3325 τόγε
1623 3263 1888 3322 τοσοῦτον
1925 3281 2384 3338 παρανομησομεν,
2429 3264 2525 3318 ubi
2558 3282 2675 3329 non
2709 3267 2980 3322 satisfacit

491 3346 843 3402 Scholiastae
880 3350 1199 3421 explicatio.
1260 3349 1434 3422 Apud
1471 3348 1682 3402 Eumd.
1706 3365 1836 3402 vero
1872 3352 1928 3401 in
1953 3349 2202 3404 Hermot.
2219 3349 2354 3407 Vol.
2375 3348 2422 3401 Ι.
2459 3365 2521 3442 Ρ.
2544 3362 2695 3413 702.
2716 3336 2851 3407 τὸνε
2883 3367 2979 3407 τσ-

492 3427 690 3487 σοῦτον
726 3417 866 3496 οἶδα,
889 3432 1038 3484 idem
1075 3430 1248 3486 modo
1283 3432 1433 3485 valet
1467 3429 1619 3502 quod
1642 3433 1882 3504 simplex
1914 3427 2200 3498 τοσοῦτον,
2230 3434 2269 3485 i.
2295 3448 2346 3487 e.
2384 3424 2555 3486 τοῦτο
2584 3416 2761 3495 μόνον.
2818 3432 2976 3486 Haec

493 3512 682 3567 denuo
723 3513 1058 3567 inculcanda
1109 3531 1229 3566 esse
1277 3514 1580 3585 putabam,
1624 3532 1746 3567 cum
1784 3525 2126 3587 propterea,
2170 3511 2322 3585 quod
2366 3515 2697 3584 interpretes
2733 3512 2973 3569 Latinos

492 3599 715 3677 saepius
744 3598 955 3655 variam
984 3599 1094 3649 vim
1123 3599 1279 3650 vocis
1304 3593 1569 3652 τοσοῦτον
1610 3614 1724 3649 non
1764 3599 1975 3668 cepisse
2006 3594 2391 3671 deprehendi,
2433 3606 2551 3649 tum
2574 3610 2730 3661 vero,
2774 3609 2832 3649 ut
2867 3596 2977 3651 ad-

489 3690 689 3751 pareat
723 3683 781 3731 in
812 3679 1010 3732 Nostri
1039 3679 1165 3732 loco
1190 3677 1263 3733 de
1301 3697 1412 3749 quo
1446 3682 1652 3749 agitur,
1695 3682 1947 3772 quamvis
1989 3697 2060 3732 ea
2082 3689 2402 3752 potestate,
2446 3693 2559 3748 qua
2595 3677 2718 3731 vult
2741 3677 2968 3745 Hemst,

488 3764 734 3833 positum
764 3779 876 3813 non
906 3760 1216 3825 credamus,
1259 3772 1446 3814 tamen
1484 3779 1608 3814 cum
1627 3761 1807 3815 verbo
1834 3750 2159 3833 ἶστὲναξεν,
2202 3763 2471 3815 inusitato
2504 3756 2754 3831 quodam
2791 3761 2965 3817 modo

490 3847 863 3907 coniunctum,
907 3843 1066 3896 reddi
1104 3861 1219 3897 non
1254 3861 1421 3916 posse
1458 3842 1563 3895 hoe
1588 3842 1794 3910 solum,
1836 3841 1940 3896 sed
1974 3842 2153 3897 videri
2184 3842 2495 3897 adhibitum
2530 3858 2653 3894 esse
2690 3861 2795 3915 pro
2832 3852 2959 3897 tan·

487 3926 807 3992 ammodo,
852 3925 1005 3997 qnod
1030 3927 1233 3980 Latine
1267 3930 1435 3979 etiam
1468 3926 1590 3979 solo
1624 3925 1900 3979 vocabulo
1939 3934 2172 3979 tantam
2202 3938 2388 3999 potest
2425 3921 2742 3996 significari.
2788 3926 2966 3983 Porro

485 3995 818 4104 s’qrs'voegst
789 4027 848 4064 αν
876 4013 1015 4064 verti
1055 4008 1421 4081 ingemiscere
1441 4006 1674 4075 solebat,
1710 4025 1827 4062 non
1869 4008 2042 4062 modo
2080 4021 2309 4083 propter
2327 4019 2522 4063 notam
2560 4005 2718 4060 illam
2748 4008 2968 4063 Aoi-isti

485 4092 621 4159 vim,
663 4091 736 4146 dc
762 4109 872 4167 qua
896 4090 974 4147 ad
993 4111 1052 4167 p.
1037 4108 1117 4152 ..2
1133 4112 1187 4151 v.
1197 4110 1290 4150 12.
1317 4108 1509 4149 verum
1536 4095 1705 4163 ctiam
1740 4101 1969 4167 propter
2003 4094 2333 4165 particulam
2353 4110 2415 4148 αν
2450 4093 2510 4143 in
2544 4092 2793 4161 repetitis
2828 4095 2966 4148 acti-

2440 4173 2496 4226 T
2544 4189 2576 4226 2
