3969 5126
2816 613 3030 669 xxm

542 739 861 814 breviter
902 737 1070 830 dixi,
1126 761 1273 810 non
1319 734 1579 809 invitus
1639 749 1875 808 tamen
1925 730 2428 823 retinuissem,
2483 734 2618 804 nisi
2678 742 2787 804 tot
2846 729 3024 815 locis

526 840 821 930 salsam,
878 857 1001 913 aut
1057 840 1314 913 saltem
1359 841 1592 911 minus
1644 837 1926 925 iustam,
1983 850 2195 929 atque
2237 836 2307 904 in
2352 834 2764 905 universum
2806 832 3025 907 Grae·
3067 884 3080 899 2

546 944 647 1015 cis
693 942 930 1015 verbis
981 964 1239 1038 parum
1270 940 1606 1012 adcurate
1645 936 2200 1036 respondentem
2241 957 2395 1009 esse
2448 937 3029 1032 cognovissem.⁵⁸

546 1040 765 1141 Quod
809 1045 866 1114 si
906 1067 1067 1115 eam
1108 1065 1619 1138 usquequaque
1662 1037 2130 1127 immutando,
2175 1035 2646 1123 emendando,
2701 1036 3027 1135 supplen-

547 1143 640 1216 do
683 1143 1253 1238 interpolassem,
1309 1140 1879 1240 praesentiebam
1910 1140 2417 1215 molestumac
2461 1134 2890 1208 invidiosum
2930 1138 3026 1210 la-

544 1245 802 1318 borem
866 1245 1345 1341 improbatum
1411 1246 1495 1318 iri
1564 1245 1652 1318 ab
1711 1243 1982 1315 idoneis
2062 1241 2315 1311 harum
2393 1261 2637 1309 rerum
2721 1237 3050 1311 arbitris„

545 1344 792 1441 Itaque
860 1369 1121 1419 novam
1183 1345 1534 1420 conficere
1596 1345 1860 1433 malui,
1917 1357 2128 1438 atque
2193 1343 2261 1411 in
2324 1338 2812 1437 convertendo
2872 1364 3031 1411 eam

546 1447 719 1519 mihi
776 1446 1005 1543 legem
1054 1449 1204 1538 tuli,
1260 1451 1570 1545 primum
1627 1462 1753 1536 ut,
1813 1442 2048 1542 quoad
2110 1457 2475 1541 pateretur
2533 1434 2826 1513 Latinus
2888 1439 3029 1543 ser-

544 1573 692 1637 m0,
726 1548 961 1621 verbis
1011 1548 1304 1623 Graecis
1344 1565 1757 1624 constanter
1800 1547 2244 1620 inhaererem
2268 1569 2289 1634 ;
2331 1541 2729 1617 arbitrabar
2759 1543 3032 1643 scilicet

545 1648 1108 1722 convertendum
1161 1651 1332 1722 mihi
1381 1676 1540 1723 esse
1581 1671 1657 1727 ut
1704 1649 2096 1746 interpreti,
2154 1649 2274 1744 qui
2313 1645 2684 1741 Cicerone
2718 1645 2950 1717 iudice
2981 1640 3032 1695 5⁴
3133 1692 3140 1699 -

542 1771 838 1821 necesse
894 1749 1110 1819 habet
1165 1752 1469 1821 verbum
1529 1777 1661 1845 pro
1710 1750 1935 1821 verbo
1997 1748 2327 1836 reddere,
2383 1770 2527 1816 uon
2585 1760 2665 1815 ut
2712 1749 3039 1838 oratori,

539 1851 651 1922 cui
721 1863 829 1925 sat
895 1863 1004 1919 est
1067 1852 1453 1922 sententias
1525 1849 1818 1921 easdem
1878 1865 1948 1919 et
2009 1872 2257 1919 earum
2320 1844 2587 1916 formas
2665 1860 3030 1943 tamquam

538 1950 801 2049 figuras
858 1952 1307 2045 exprimere,
1365 1965 1579 2047 atque
1637 1971 1863 2046 genus
1940 1947 2192 2020 saltem
2260 1948 2579 2019 omnium
2637 1947 3030 2021 verborum

536 2056 828 2148 vimque
884 2074 1217 2125 servare:
1276 2075 1496 2148 quare
1544 2074 1707 2124 raro
1767 2064 1888 2123 aut
1935 2051 2143 2124 omisi
2179 2048 2484 2121 verbum
2524 2046 2836 2142 aliquod,
2895 2052 3029 2121 nisi

536 2154 912 2226 manifeste
959 2149 1594 2250 supervacaneum,
1652 2166 1772 2224 aut
1808 2150 2071 2239 addidi,
2131 2152 2265 2223 nisi
2303 2147 2557 2222 melius
2602 2168 3027 2224 connecten-

538 2254 669 2327 dae
718 2256 1059 2329 orationis
1104 2271 1227 2330 aut
1267 2253 1594 2328 vitandae
1638 2254 2093 2326 obscuritatis
2140 2275 2433 2339 caussa3
2495 2264 2649 2321 tum
2690 2274 2894 2341 vero,
2947 2267 3031 2324 ut

537 2357 810 2453 probae
877 2355 1359 2451 probataeque
1406 2353 1803 2426 Latinitatis
1850 2355 2201 2451 rationem
2244 2352 2623 2438 haberem;
2692 2351 3027 2445 denique,

541 2471 643 2542 ut,
701 2470 1047 2551 quantum
1101 2455 1253 2527 fieri
1284 2469 1627 2551 poterat,
1684 2475 2061 2540 caverem,
2119 2474 2208 2523 ne
2260 2450 2628 2547 aequabile
2677 2453 3028 2523 orationis

538 2552 836 2647 flumen,
894 2553 1091 2652 quod
1150 2579 1294 2628 non
1346 2557 1608 2629 mirum
1671 2567 1781 2628 est
1835 2556 1906 2626 in
1964 2552 2320 2627 adstrictis
2381 2553 2534 2625 istis
2575 2553 3026 2630 versionibus

484 2657 899 2736 ,interdum
949 2655 1377 2747 desiderari,
1435 2659 1505 2729 in
1565 2673 1811 2730 nostra
1873 2656 2005 2728 hac
2062 2677 2274 2751 saepe
2328 2660 2833 2751 requireretur.
2941 2653 3026 2728 Id

540 2762 596 2833 si
653 2784 798 2832 non
860 2783 1018 2832 sum
1074 2759 1550 2856 adsequutuS,
1609 2773 1960 2858 reputent,
2019 2777 2332 2853 quaem,
2389 2756 2598 2852 aequi
2650 2779 3021 2849 censoreS,
3127 2827 3143 2839 ,

535 2857 862 2934 Latinam
911 2863 1566 2957 interpretationem
1608 2861 1883 2934 Graece
1931 2882 2076 2930 non
2123 2856 2355 2931 doctis
2401 2857 2638 2948 scribi,
2695 2858 2812 2932 vel
2865 2864 3020 2933 cer·

538 2977 609 3035 te
657 2985 912 3060 parum
954 2982 1074 3038 aut
1119 2961 1582 3035 mediocriter
1626 2962 1882 3051 doctiS,
1941 2982 2253 3056 quorum
2299 2959 2469 3031 nihil
2513 2963 2856 3033 interesse
2898 2962 3016 3035 de-

534 3064 679 3152 bet,
739 3065 919 3136 sitne
957 3063 1133 3136 haec
1191 3065 1287 3137 ita
1331 3079 1764 3162 comparata,
1820 3078 1901 3135 ut
1947 3063 2181 3158 perito
2227 3064 2484 3158 cuique
2521 3065 2758 3137 statim
2806 3062 3018 3160 adpa-

532 3180 687 3239 reat
748 3187 893 3236 non
935 3189 1093 3236 esse
1148 3160 1480 3250 Latinum
1515 3159 1926 3266 ἀρχέτυπον,
1984 3186 2073 3236 an
2116 3179 2367 3236 contra
2411 3165 2562 3236 sine
2604 3166 3014 3261 asperitate,
3105 3223 3118 3231 .

534 3270 686 3340 sine
748 3266 1090 3354 salebriS,
1149 3273 1385 3343 nativa
1440 3267 1747 3363 quadam
1798 3263 2134 3337 facilitate
2189 3289 2319 3337 sua
2370 3259 2598 3338 Latini
2642 3267 3014 3361 scriptoris

536 3393 712 3467 opus
773 3392 930 3440 esse
989 3366 1340 3458 videatur,
1395 3367 1786 3440 dummodo
1848 3365 2109 3439 Graeci
2162 3372 2470 3441 auctoris
2517 3369 2866 3439 sententia
2915 3382 3013 3440 at·

533 3495 669 3567 que
724 3472 878 3569 ipsa
915 3468 1164 3558 verba,
1223 3487 1566 3566 quantum
1610 3467 2160 3560 licetfffideliter,
2230 3491 2361 3540 nec
2417 3468 2719 3542 barbare
2762 3465 3012 3542 Latine

535 3571 944 3650 reddantur.
1056 3569 1395 3643 Ceterum
1441 3570 1744 3644 libenter
1784 3570 2041 3660 fateor,
2096 3595 2240 3659 me,
2298 3570 2647 3666 siquidem
2688 3568 2761 3641 id
2807 3568 3012 3645 aliter

494 3673 779 3771 'nequit
820 3672 1001 3765 fieri,
1056 3670 1277 3745 verba
1318 3670 1610 3766 Cocchii
1666 3689 1821 3746 tum
1874 3674 2249 3745 retinuisse
2285 3696 2511 3769 quum
2552 3673 2828 3769 aptiora
2865 3696 3010 3745 non

1628 3821 1666 3836 d

628 3881 729 3936 53.
776 3863 870 3917 Ab
907 3881 976 3917 ea
1015 3862 1477 3937 reprehendenda
1510 3867 1568 3918 in
1599 3868 1739 3919 meis
1822 3864 2235 3938 terpretationin
2269 3865 2412 3917 ratio
2447 3878 2570 3917 esne
2602 3861 2893 3917 reddenda
2926 3866 3008 3918 vi·

543 3944 1002 4001 adnotationibus
1043 3956 1309 4017 quantum
1349 3960 1601 4020 poteram
1638 3947 1737 4003 ab·
1824 3947 2079 4001 debatur.
2146 3944 2306 4000 Idem
2354 3943 2560 4000 dietum
2601 3955 2740 4019 puta
2778 3942 2851 3999 de
2883 3964 3006 4000 ver-

542 4030 743 4092 ιτίηιιί,
783 4045 966 4099 neque
1010 4030 1129 4082 eius
1186 4027 1290 4083 feei
1360 4034 1740 4096 mentionem,
1822 4033 1984 4085 tione
2028 4027 2284 4083 Salvinii.
2447 4075 2456 4084 .

543 4113 650 4164 nisi
694 4112 762 4165 iis
804 4111 973 4179 luein,
1010 4110 1209 4187 quibus
1258 4112 1395 4167 mibi
1438 4130 1600 4170 meae
1653 4116 1736 4170 in·
1905 4127 2002 4184 54.
2047 4110 2139 4167 De
2164 4114 2380 4186 optimo
2412 4126 2543 4183 gen.
2579 4108 2804 4164 Orator.
2822 4110 2944 4164 ων.
