3969 5126
2961 583 3056 637 111

824 791 1646 910 LECTORI
1745 795 2779 909 ΦΙΛΕΛΛΗΝΙ

1709 1014 1771 1070 S.
1821 1014 1902 1071 D.

638 1164 1026 1233 ALOYS.
1094 1162 1544 1231 EMERIC.
1626 1160 1967 1251 LIBER
2031 1162 2327 1229 BARO
2410 1162 2964 1269 LocEnLA.

661 1631 871 1802 Iam
906 1720 1069 1797 inde
1110 1746 1153 1797 a
1197 1719 1521 1820 pluribus
1570 1724 1771 1798 annis
1812 1726 2168 1799 maiorem
2215 1727 2368 1817 otii,
2408 1724 2602 1824 quod
2648 1745 3052 1828 supererat,
3131 1762 3136 1767 ·

544 1839 831 1924 partem
869 1828 941 1900 in
974 1827 1268 1899 Graecis
1308 1826 1530 1900 literis
1575 1830 2014 1927 consumpsi.
2073 1825 2324 1901 Otium
2368 1844 2635 1925 autem,
2654 1847 2735 1904 ut
2770 1835 3056 1908 sincere

546 1928 808 2021 dicam,
846 1946 1231 2030 propterea
1264 1951 1408 2002 non
1445 1928 1712 2021 defuit,
1756 1931 1952 2027 quod
1995 1930 2170 2003 mihi
2207 1931 2485 2005 nullum
2530 1957 2878 2031 umquam
2917 1935 3054 2010 fuit

544 2053 976 2130 magnarum
1008 2031 1435 2131 dignitatum
1471 2031 1828 2125 studium,
1886 2048 2101 2130 atque
2148 2034 2218 2105 in
2268 2035 2572 2133 publicis
2630 2038 3052 2113 muneribus

546 2132 1125 2209 administrandis
1182 2131 1623 2231 diligentiam
1690 2148 1763 2207 et
1833 2138 2326 2233 incorruptam
2388 2136 2606 2210 fidem
2677 2155 3050 2236 praestare

544 2252 962 2330 contentuS,
985 2235 1333 2337 gloriolae
1378 2238 1677 2329 servire,
1723 2237 1994 2313 famam
2031 2254 2349 2336 captare,
2397 2238 2710 2313 honores
2747 2241 2926 2316 alios
2957 2266 3052 2316 ex

438 2376 465 2403 ,s
543 2337 700 2412 aliis
758 2342 1074 2414 maiores
1127 2340 1472 2436 aucupari
1525 2339 1809 2438 neglexi
1824 2366 1850 2433 3
1925 2353 2194 2412 etenim
2253 2341 2326 2411 in
2380 2344 2578 2415 omni
2633 2358 2866 2417 aetate
2926 2369 3048 2417 me

552 2436 746 2519 bene
798 2445 1105 2520 vixisse
1158 2445 1565 2520 iudicabam
1621 2450 1682 2518 si
1734 2439 1926 2520 bene
1972 2440 2420 2520 latuissent:
2478 2465 2802 2525 ceterum
2861 2467 3050 2526 tran-

550 2551 859 2650 quillum
897 2551 1037 2628 hoc
1082 2576 1329 2628 meum
1385 2553 1622 2628 otium
1662 2552 1829 2630 sine
1879 2549 2128 2632 literis
2180 2575 2504 2634 mortem
2555 2583 2642 2634 re
2700 2577 3054 2637 atas-sem

496 2671 509 2683 ‘
553 2686 723 2736 cum
777 2662 1079 2756 Seneca,
1134 2679 1213 2735 et
1253 2649 1583 2733 hominis
1623 2657 1782 2733 vivi
1838 2654 2340 2761 sepulturam·
2446 2657 2615 2758 Quo
2709 2671 2888 2734 vero
2926 2661 3053 2733 vix

546 2779 896 2860 umquam
942 2764 1262 2840 futurum
1325 2764 1695 2863 opinabar,
1753 2765 2120 2864 quodque,
2172 2786 2505 2839 mearum
2558 2760 2733 2833 mihi
2784 2764 3053 2835 virium

548 2867 910 2957 consciuS,
949 2869 1197 2941 amicis
1242 2867 1687 2942 hortantibus
1730 2883 2143 2943 constanter
2187 2868 2607 2954 abnueram,
2652 2863 2928 2938 scilicet
2967 2879 3052 2937 ut

543 2965 896 3041 mendose
951 2968 1125 3042 editi
1186 2968 1483 3043 alicuius
1543 2968 1802 3044 Graeci
1862 2973 2231 3070 scriptoris
2286 2964 2750 3058 recensendi,
2808 2991 3048 3041 emen·

546 3062 788 3161 dandi,
848 3069 1249 3145 illustrandi
1302 3093 1552 3145 curam
1606 3075 2049 3171 susciperem
2073 3129 2095 3164 ,
2150 3071 2221 3145 id
2282 3095 2403 3143 me
2453 3091 2689 3166 nuper
2750 3084 3049 3173 repente

545 3186 764 3269 atque
805 3173 1025 3265 ultro,
1067 3176 1379 3265 nemine,
1436 3176 1571 3246 nisi
1617 3173 1925 3248 fortasse
1961 3175 2154 3249 malo
2193 3197 2362 3246 meo
2400 3171 2641 3273 geni0,
2699 3170 3048 3244 suadente

546 3276 1032 3367 constituisse,
1088 3277 1307 3350 etiam
1365 3299 1554 3350 nunc
1608 3276 1944 3351 demiror.
2049 3275 2402 3350 Adfertur
2462 3294 2634 3345 ecce
2688 3272 2889 3364 mihi,
2945 3275 3050 3347 nil
3161 3297 3164 3300 ’

434 3429 439 3434 -
542 3376 690 3449 tale
735 3377 926 3477 apud
976 3402 1109 3453 nos
1161 3381 1646 3478 exspectanti,
1701 3402 1951 3453 mense
2001 3376 2196 3453 Maio
2254 3403 2316 3452 a,
2368 3399 2585 3473 1793.
2630 3377 3048 3474 exemplum

542 3476 1049 3579 Xenophontis
1085 3475 1489 3580 Ephesii-in
1537 3482 1673 3558 hac
1713 3481 1895 3557 urbe
1945 3504 2199 3567 recens
2250 3480 2524 3571 excusi,
2581 3491 2796 3574 atque
2847 3494 2931 3550 ut
2973 3482 3048 3552 in

547 3584 695 3655 vita
726 3608 889 3656 mea
933 3608 1147 3683 saepe
1188 3585 1642 3683 gravioribus
1690 3587 1764 3657 in
1810 3584 2055 3676 rebus„
2112 3586 2215 3657 sic
2259 3598 2414 3656 tum
2458 3583 2531 3654 in
2592 3581 2814 3654 hacce
2863 3583 3045 3657 levis

546 3687 903 3757 momenti
944 3710 1104 3759 sum
1144 3703 1480 3783 expertus
1522 3702 1860 3785 quantam
1888 3690 2038 3761 vim
2070 3681 2338 3762 habeat
2355 3684 2549 3783 quod
2588 3697 2699 3756 est
2741 3684 2815 3755 in
2852 3681 3042 3759 fatis:

544 3807 857 3883 namque
915 3811 1078 3887 ego,
1138 3792 1259 3887 qui
1315 3789 1697 3867 duodecim
1744 3789 2001 3864 abhinc
2055 3791 2255 3864 annis
2298 3787 2775 3889 negligentius
2820 3786 3044 3861 modo

546 3889 1004 3985 inspexeram
1024 3891 1213 3965 hunc
1250 3894 1705 3991 scriptorem,
1733 3894 2032 3989 eiusque
2058 3891 2586 3992 diligentiorem
2625 3888 3040 3985 lectionem,

553 4013 989 4087 quamquam
1030 3995 1203 4067 mihi
1253 3997 1451 4072 stilus
1485 3994 1696 4069 valde
1746 3995 2139 4093 placuerat,
2195 4011 2435 4069 tamen
2479 3993 2711 4067 adhuc
2754 3991 3042 4065 distule-

556 4116 761 4189 ram,
817 4098 1059 4177 statim
1112 4113 1193 4176 ut
1248 4098 1425 4180 mihi
1475 4097 1717 4178 oblata
1769 4096 1902 4175 fuit
1941 4097 2510 4178 vindobonensis
2558 4095 2819 4193 editio,
2878 4120 3042 4174 eam

556 4239 569 4248 ·
2504 4223 2547 4275 a
2601 4224 2644 4275 2

2194 4740 2270 4855 1
2305 4743 2475 4865 ‘7ss
2514 4752 2696 4871 84
