3969 5126
896 1190 933 1205 ἱ

1036 578 1247 637 xxw
1290 534 1305 543 ’

1035 708 1543 795 suppeterent3
1606 707 1915 769 attamen
1960 712 2199 762 meam
2261 688 2349 762 ab
2419 693 2570 764 eius
2599 726 2608 731 ·
2635 693 3095 766 translatione
3137 716 3379 790 usque
3436 721 3528 770 eo

1033 798 1392 889 diversam
1434 822 1620 890 esse,
1666 809 1753 873 nt
1807 816 2008 865 nova·
2041 794 2193 864 iure
2237 791 2377 864 dici
2430 796 2680 889 possit,
2740 799 3099 868 neminem
3143 811 3347 894 puto,
3405 801 3526 896 qui

1029 904 1324 1000 paginas
1360 901 1628 997 aliquot
1674 893 2113 971 contendere
2160 894 2384 989 volet,
2439 895 2936 971 inficiatumm.

1131 1002 1216 1075 In
1273 999 1822 1075 transcribendis
1886 995 2624 1072 animadversionibus
2675 999 3006 1089 Albertii,
3062 997 3521 1076 Hemsterhu-

1028 1109 1138 1195 sii,
1195 1118 1267 1177 et
1310 1103 1686 1178 Abrescbii
1731 1102 1920 1174 hunc
1964 1098 2263 1173 modum
2301 1116 2644 1199 sequutus
2687 1125 2889 1192 sum,
2944 1115 3023 1172 ut
3064 1124 3184 1173 eas
3234 1101 3324 1174 ad
3364 1126 3521 1175 ver·

1025 1206 1224 1294 bum,
1278 1220 1496 1302 prout
1536 1207 1608 1277 in
1648 1202 2045 1276 Miscellan.
2098 1199 2673 1277 Observationib.
2725 1202 3084 1301 leguntur,
3144 1201 3397 1276 additis
3450 1205 3525 1275 in

1024 1308 1163 1382 fine
1216 1306 1508 1379 illorum
1561 1304 1966 1378 nominibus
2008 1303 2447 1394 exhiberem,
2503 1327 2635 1376 nec
2691 1306 2824 1381 nisi
2867 1328 3031 1381 raro
3063 1305 3240 1383 meis
3281 1306 3522 1378 verbis

988 1396 1198 1506 'quid
1251 1408 1351 1480 illi
1399 1406 1942 1495 admonuissent
2005 1404 2483 1504 explicarem3
2538 1406 2662 1479 ubi
2712 1429 2888 1479 vero
2942 1404 3207 1502 aliquid
3266 1428 3523 1480 eorum

1027 1511 1379 1598 orationi,
1437 1510 1587 1582 sive
1652 1508 2068 1598 brevitatis,
2127 1509 2277 1580 sive
2334 1509 2621 1584 maioris
2691 1508 3183 1581 illustrationis
3242 1510 3519 1606 gratia,

1027 1627 1151 1686 aut
1210 1611 1517 1707 denique
1557 1609 1889 1684 vitandae
1932 1610 2387 1685 obscuritatis
2432 1632 2682 1684 caussa
2730 1607 3302 1684 interserendum
3360 1622 3522 1683 esse

1026 1735 1428 1799 censerem,
1487 1712 1558 1781 id
1606 1715 1885 1783 uncinis
1948 1711 2358 1781 huiusmodi
2423 1717 2460 1800 [
2509 1718 2547 1798 ]
2607 1711 2963 1807 inclusum
3038 1732 3517 1806 segregarem.

1025 1812 1368 1910 Reliquae
1408 1834 1659 1886 omnes
1702 1811 2196 1883 adnotationes
2223 1865 2246 1900 ,
2305 1810 2560 1905 quibus
2602 1807 2675 1880 in
2730 1809 2867 1881 fine
2911 1806 3183 1881 nullum
3242 1826 3351 1882 est
3395 1835 3517 1883 no·
3583 1810 3616 1848 ’-

1023 1940 1192 1989 men
1250 1913 1652 2003 adiectum,
1707 1934 1913 1984 meae
1972 1925 2155 1985 sunt.
2267 1908 2602 1982 Aliorum
2670 1912 2841 1982 item
2907 1912 3234 1982 virorum
3289 1912 3519 1985 erudi·

1024 2032 1268 2090 torum
1326 2010 1818 2103 coniecturas,
1878 2025 2232 2108 quotquot
2284 2011 2457 2084 mibi
2536 2012 3053 2103 innotuerunt,
3110 2015 3336 2112 magis
3393 2017 3521 2087 mi·

1023 2143 1251 2192 nusve
1306 2116 1740 2216 probabiles,
1794 2114 1997 2208 veJut
2034 2112 2550 2204 Valckenaerii,
2606 2110 3520 2212 Oudendorpii,*Koenii,

1022 2217 1351 2311 Elsneri,
1407 2216 1777 2307 Bernardi,
1835 2216 2182 2313 Casperii,
2239 2214 2709 2304 Arntzenii,⁵⁵
2759 2212 3248 2315 Treslingii,⁵⁶
3298 2214 3519 2293 Bastii

1023 2323 1618 2409 commemoravi,
1676 2337 1799 2394 aut
1837 2320 2054 2392 etiam
2101 2321 2172 2390 in
2211 2332 2487 2392 textum
2529 2318 2754 2390 intuli.
2781 2324 2832 2368 ⁵⁷
2936 2315 3243 2416 Quoties
3312 2344 3354 2392 a
3400 2345 3518 2394 me

1022 2424 1358 2498 consulto
1401 2420 1666 2518 aliquid
1713 2423 2064 2494 omissum
2120 2418 2252 2492 fuit
2297 2421 2368 2491 in
2409 2417 2866 2493 adnotatione
2900 2418 3208 2516 quadam
3227 2418 3518 2494 Triun‘x·

1020 2527 1350 2598 virorum
1401 2524 1716 2612 illorum,
1775 2525 1895 2620 qui
1946 2524 2160 2618 primi
2213 2522 2301 2594 de
2356 2517 2621 2597 Nostro
2688 2521 2870 2595 bene
2923 2538 3388 2615 meruerunt,
3445 2523 3548 2597 id·

1021 2626 1387 2724 punctulis
1422 2626 1764 2724 adpositis
1805 2624 2130 2697 indicavi.
2240 2622 2470 2698 Omisi
2505 2641 2745 2698 autem
2785 2646 2951 2697 cum
2991 2649 3099 2715 ea,
3144 2650 3323 2723 quae
3372 2628 3513 2698 evi-

1027 2726 1280 2804 denter
1331 2727 1506 2801 mihi
1561 2728 1715 2802 visa
1774 2724 2057 2799 fuerant
2102 2748 2569 2822 supervacua,
2624 2726 2744 2800 vel
2789 2730 3024 2800 minus
3086 2727 3176 2800 ad
3228 2751 3385 2800 rem
3423 2726 3516 2802 de

1025 2854 1167 2927 qua
1230 2831 1573 2928 agebatur
1636 2826 2006 2916 facientia,
2061 2844 2214 2900 turn
2281 2850 2366 2898 ea
2397 2883 2418 2918 ,
2478 2852 2658 2923 quae
2718 2827 2808 2901 ad
2869 2829 3048 2903 alios
3124 2832 3512 2929 scriptores

1026 2930 1511 3030 emendandos
1552 2930 1926 3029 pertinent.
2036 2927 2336 3001 Desumi
2375 2929 2551 3001 haec
2595 2929 2868 3003 scilicet
2910 2947 3237 3030 possunt,
3298 2948 3373 3005 et
3412 2934 3511 3004 ni-

1025 3037 1085 3106 si
1136 3034 1371 3125 fallor,
1429 3037 1570 3107 iam
1632 3051 1796 3105 sunt
1841 3030 2219 3128 desumpta
2275 3054 2363 3102 ex
2433 3032 2602 3129 ipsis
2666 3031 2870 3105 facile
2923 3033 3154 3110 obviis
3207 3033 3506 3107 Miscell.

1025 3136 1336 3211 Observ.
1377 3136 1499 3209 ubi
1544 3138 1683 3208 iam
1729 3133 1849 3206 diu
1910 3147 2210 3212 exstant.
2318 3130 2642 3232 Integras
2696 3135 2911 3209 etiam
2961 3137 3512 3211 animadversio·

1026 3264 1154 3311 nes
1216 3237 1560 3336 quasdam
1619 3235 2187 3330 (Hemsterhusii
2246 3235 2535 3332 quidem
2589 3238 3081 3333 paucissimaS,
3135 3239 3513 3312 Abreschii

1024 3364 1202 3416 vero
1245 3341 1534 3440 plures)
1594 3338 2264 3438 praetermittendas
2308 3362 2467 3411 esse
2528 3341 2820 3430 censui,
2873 3355 3084 3437 atque
3135 3342 3207 3412 in
3261 3343 3510 3438 primis

1111 3539 1208 3591 55.
1258 3521 1430 3573 Huius
1468 3518 1795 3590 Epistolam
1862 3518 2125 3573 criticam
2158 3519 2230 3573 de
2308 3523 2538 3591 scriptae
2572 3522 2631 3576 in
2663 3518 2922 3588 Xenopk.
2947 3517 3155 3589 Koba.
3200 3519 3374 3586 (Vide
3396 3523 3511 3577 LI.

1027 3600 1282 3676 quibusd.
1311 3601 1550 3653 Pindari
1576 3601 1823 3654 Thebani
1853 3601 1995 3654 Iocis
2037 3614 2230 3656 nactus
2312 3602 2583 3655 Rei-«kens
2610 3599 3121 3655 Lebensbeschreih.
3142 3621 3199 3675 p.
3231 3623 3250 3655 ι
3266 3623 3296 3668 7
3305 3603 3507 3676 5.l,sed

1030 3703 1149 3738 sum
1187 3683 1260 3737 ab
1302 3683 1687 3737 laudatissimo
1714 3685 1999 3739 Mai-allio·
2310 3695 2441 3759 post
2475 3671 2558 3737 tot
2594 3685 2860 3739 lectiones
2917 3700 3119 3755 pravas
3169 3703 3242 3738 ex
3277 3692 3399 3759 ipso
3438 3688 3508 3741 C.

1110 3769 1212 3839 56.
1259 3766 1433 3819 Huius
1482 3763 1868 3820 Adversarior.
1894 3767 2072 3821 critic.
2103 3784 2228 3836 spe·
2311 3767 2469 3821 Flor-
2490 3767 2834 3831 emendatas,
2866 3765 3373 3837 laeuumque'inde
3406 3785 3507 3821 ex·

1030 3850 1218 3904 cimen
1274 3850 1407 3904 mihi
1460 3852 1762 3903 transmisit
1804 3850 2030 3905 illustri·
2074 3850 2226 3921 Her·
2309 3850 2516 3922 pletas,
2560 3868 2747 3905 carere
2786 3865 2876 3902 me
2922 3859 3039 3902 tuto
3091 3867 3261 3921 posse
3297 3851 3506 3904 iudica·

1027 3934 1157 3986 nius
1200 3933 1542 3987 Germaniae
1583 3944 1803 3985 nostrae
1846 3933 2034 3989 decus.
2308 3931 2442 3986 bam
2479 3935 2581 3987 viri
2614 3934 2763 3986 inim
2800 3934 3004 4005 egregii
3033 3947 3101 3984 nc
3135 3932 3505 3987 laboriosissi-

1115 4036 1214 4087 57.
1260 4018 1543 4071 Noveram
1571 4013 1797 4087 quidem
1818 4014 2227 4069 I.I.Reiskium
2308 4018 2384 4070 mi
2421 4016 2839 4089 praecipitibus,
2877 4025 2935 4067 ut
2958 4013 3205 4082 nolebat,
3237 4015 3506 4070 audacio-

1030 4099 1319 4170 reliquis-e
1383 4102 1553 4155 etiam
1605 4096 2002 4154 adnotationes
2051 4116 2223 4154 manu
2306 4097 2571 4172 ribusque
2613 4100 2961 4156 coniecturis.
