3969 5126
990 515 1117 614 264
1302 529 1310 538 ·
1554 485 2653 612 ιιιιιοτΑτιοΝΕεὲ
2779 509 2910 583 ιιι

987 661 1127 716 mihi
1156 641 1496 732 persuadeo,
1538 655 1975 729 Xenophontem
2009 659 2292 730 scripsisse
2323 645 2416 710 καὶ
2447 673 2581 722 τους
2612 643 2670 710 εἰν
2701 642 2769 710 A’
2772 674 2850 716 ιγ.
2883 639 3092 716 320653
3136 661 3194 705 et
3231 651 3486 724 quamvis

985 739 1078 800 καί
1103 746 1162 797 in
1193 740 1505 795 Cod.F10r.
1533 757 1649 794 non
1686 741 1797 813 legi
1833 741 1907 794 ab
1945 741 2085 794 Rev.
2116 738 2333 799 buchio
2366 738 2566 793 fuerim
2594 735 2864 812 edoctus,
2908 750 3097 790 tamen
3141 737 3385 788 inserere
3423 735 3483 792 id

987 845 1109 881 sum
1146 839 1332 889 ausus,
1375 825 1530 894 un'cis
1568 823 1866 879 seclusum.
1952 823 2181 878 Mecum
2223 821 2434 888 faciunt
2468 821 2757 876 Salvim‘us
2791 829 2847 875 et
2897 818 3210 878 Cocelriuw
3256 830 3488 891 uterque

942 975 949 984 .
988 913 1137 965 enim
1169 901 1300 962 καὶ
1285 925 1345 960 ιιι
1378 908 1637 958 versione
1663 924 1766 960 sua
1796 910 2089 980 expressit.
2149 891 2343 961 Solem
2381 910 2607 979 pariter,
2642 916 2837 979 utpote
2873 906 2933 957 in
2969 905 3121 955 cuius
3157 901 3333 955 tutela
3371 906 3485 957 Ae·

986 1004 1190 1067 gyptus
1228 994 1319 1052 sit,
1363 991 1646 1042 invocavit
1675 990 2059 1044 Habrocomes
2091 1008 2151 1062 p.
2175 1009 2273 1057 77.
2292 1009 2346 1043 v.
2373 1008 2466 1043 ιι.
2487 988 2563 1043 ad
2597 988 2717 1042 Nili
2752 992 2904 1063 ripas
2934 989 3100 1040 cruci
3120 982 3357 1042 adfixus.

1178 1064 1247 1131 P.
1269 1081 1375 1150 91.
1394 1083 1458 1130 V.
1479 1080 1556 1132 2·
1535 1078 1633 1147 ·.3
1680 1062 1874 1140 σεμνὴν
1907 1061 2172 1145 τῃρῆσειν,
2211 1062 2398 1138 γάμων
2447 1060 2701 1169 ἁγνὴν]
2690 1068 3034 1125 Abresckius
3073 1069 3318 1134 coniicit,
3354 1068 3482 1122 sub

870 1165 887 1173 ’
984 1159 1104 1212 lata
1121 1154 1480 1217 distinctione
1515 1167 1645 1209 ante
1677 1145 1883 1222 niumm
1903 1154 2256 1212 scribendum
2285 1172 2407 1209 esse
2442 1173 2476 1222 q
2509 1145 2615 1224 μὴν
2647 1172 2895 1227 τηρῃσειι
2926 1140 3115 1219 γάμων
3147 1139 3332 1217 ἇννῖιν,
3352 1169 3480 1225 pro-

984 1251 1047 1294 ut
1081 1259 1139 1313 p.
1157 1256 1254 1309 43.
1277 1258 1331 1291 v.
1351 1253 1405 1302 4.
1494 1236 1659 1292 Haud
1694 1240 2085 1312 improbabilis
2116 1237 2337 1292 videtur
2382 1239 2520 1293 haec
2554 1241 2909 1300 coniectura;
2954 1252 3298 1309 quamquam
3338 1251 3490 1306 quae

986 1321 1065 1377 ad
1098 1340 1225 1376 eam
1261 1319 1592 1375 firmandam
1626 1320 1855 1382 adducit
1888 1323 2004 1402 alia
2027 1321 2225 1376 Nostri
2253 1323 2384 1376 loca
2411 1340 2471 1395 p.
2492 1339 2593 1394 5ο.
2617 1341 2667 1376 v.
2686 1341 2744 1392 9.
2729 1332 2816 1376 .et
2851 1339 2906 1393 Ρ.
2929 1333 3025 1389 94.
3047 1339 3100 1372 v.
3124 1335 3182 1413 7.
3224 1316 3486 1371 Platonis

984 1410 1121 1459 item
1148 1402 1463 1460 etAehr’llis
1495 1403 1662 1469 Tatii,
1703 1406 1846 1459 nihil
1883 1409 1937 1459 ei
1971 1404 2332 1460 auxilientur.
2375 1405 2473 1459 Sat
2508 1404 2689 1459 fuerat
2722 1403 3104 1467 admonuisse,
3142 1419 3178 1469 q
3216 1390 3321 1470 μὴν
3353 1412 3483 1500 post

985 1489 1161 1542 verba
1191 1485 1414 1540 iurandi
1448 1504 1725 1562 persaepe
1746 1493 1917 1585 sequi
1944 1488 2148 1544 solere.
2197 1486 2370 1557 Quod
2400 1492 2468 1554 si,
2494 1486 2655 1542 addit
2678 1486 2889 1541 deinde
2925 1488 3008 1540 vir
3049 1485 3266 1548 doctus,
3284 1488 3376 1536 eui
3407 1487 3488 1537 vi·

986 1568 1186 1626 deutur
1218 1568 1571 1623 retinendum
1603 1559 1817 1640 σεμνὴν,
1831 1590 1955 1631 suo
1971 1571 2183 1625 fruatur
2211 1570 2442 1637 iudicio,
2455 1575 2627 1666 eique
2663 1572 2808 1625 ultro
2839 1567 3350 1662 suppeditabimus,
3374 1584 3488 1638 quo

984 1652 1187 1716 firmet,
1219 1651 1390 1705 clem.
1412 1651 1585 1706 Rom.
1614 1653 1725 1727 ΕΡ.
1745 1657 1792 1710 1.
1809 1654 1885 1710 ad
1923 1655 2174 1708 Corinth.
2196 1673 2239 1708 s.
2271 1674 2320 1707 ι.
2354 1643 2412 1711 ἓν
2448 1642 2653 1726 ἅμωμῳ
2688 1648 2779 1707 και
2828 1646 2995 1720 σεμνῇ
3032 1645 3123 1705 καὶ
3172 1640 3310 1716 cirri
3368 1666 3491 1704 evr-

983 1724 1182 1804 ὶειδιμιει
1213 1724 1391 1790 πάντα
1425 1722 1715 1791 ἐπιτελεῖν.
1790 1739 1867 1791 At
1901 1741 2054 1790 enim
2087 1735 2561 1790 subministranda
2598 1740 2787 1809 potius
2820 1748 2982 1789 erant
3016 1734 3164 1798 loca,
3201 1737 3259 1786 in
3291 1732 3492 1827 quibus

986 1806 1155 1885 esunt)
1189 1818 1468 1912 pudicam
1491 1816 1781 1889 significat,
1825 1838 1872 1873 e.
1896 1837 1941 1872 c.
1979 1816 2138 1893 apud
2169 1817 2437 1874 Eustack.
2461 1817 2533 1871 de
2561 1819 2755 1891 Hysm.
2779 1818 2878 1873 lib.
2902 1817 3000 1871 VI.
3023 1835 3080 1889 p.
3108 1832 3250 1885 23²·
3286 1803 3492 1885 ways-1¹·

984 1918 1074 1968 roc
1107 1889 1209 1972 reip
1240 1889 1365 1955 ἔστι
1407 1893 1499 1954 καὶ
1532 1889 1720 1968 σεμη),
1764 1914 1819 1957 et
1851 1901 1948 1955 lib.
1952 1904 2024 1955 V.
2045 1919 2104 1974 Ρ.
2124 1903 2265 1957 216.
2297 1901 2393 1954 ubi
2422 1919 2487 1957 το
2526 1894 2717 1967 σεμνὸν
2755 1912 2842 1954 est
2870 1898 3179 1972 pudicitia,
3227 1898 3488 1952 castitas.

1179 1973 1249 2043 P.
1269 1992 1371 2060 91.
1396 1992 1461 2041 V.
1481 1990 1541 2059 3.
1567 1974 1801 2084 με’χρις]
1845 1985 2098 2040 Perlevis
2133 1987 2406 2039 momenti
2432 1995 2535 2050 est,
2560 1983 2662 2037 sed
2695 1994 2885 2037 tamen
2913 2002 2948 2037 a
2982 1981 3235 2037 studioso
3276 1980 3491 2036 editore

984 2083 1105 2121 ιιοιι
1138 2065 1505 2129 reticendum,
1550 2083 1639 2119 me
1670 2071 1749 2122 sic
1789 2066 1884 2122 edi
1922 2069 2198 2121 curavisse
2232 2085 2338 2141 pro
2377 2057 2547 2141 μέχρι
2582 2070 2640 2120 ἰιι
2677 2065 2811 2121 edd.
2852 2085 2985 2120 nam
3027 2077 3083 2119 et
3117 2086 3167 2121 v.
3194 2084 3252 2132 7.
3293 2065 3491 2135 legitur

984 2138 1187 2221 μέχρις
1224 2137 1323 2215 ἂν,
1366 2159 1512 2222 etp.
1533 2166 1628 2216 72.
1649 2170 1704 2205 v.
1724 2170 1786 2223 5.
1836 2137 2039 2222 μέχρις
2083 2133 2255 2244 ὅροις,
2299 2168 2365 2203 ac
2405 2153 2530 2223 pari
2572 2143 2750 2244 prodo
2789 2167 2849 2222 Ρ.
2869 2167 2972 2219 3ι.
2973 2155 3046 2204 ’.ν
3066 2167 3123 2220 5.
3151 2167 3209 2222 Ρ.
3234 2166 3330 2241 93.
3354 2163 3408 2198 v.
3433 2160 3504 2210 4,»

983 2251 1044 2305 Ρ.
1070 2251 1224 2304 99.
1225 2251 1329 2304 ·5·
1302 2232 1389 2287 06.
1437 2232 1653 2288 Contra
1690 2251 1760 2289 ea
1801 2252 1863 2307 Ρ.
1884 2249 1943 2298 4.
1967 2252 2020 2286 v.
2055 2249 2145 2288 ια.
2186 2221 2353 2305 μέχρι
2384 2215 2709 2305 βραχιὸἳωι.
2751 2250 2815 2305 Ρ.
2835 2250 2934 2303 57.
2964 2252 3017 2287 v.
3050 2249 3145 2285 ιο.
3187 2219 3359 2304 μέχρι
3392 2231 3492 2283 Κι-

986 2314 1191 2380 λικίας,
1232 2314 1696 2410 similiterque'p.
1715 2335 1814 2387 3ι.
1829 2337 1883 2371 v.
1908 2335 1955 2372 ι.
1967 2333 2045 2409 Ρ.
2068 2333 2166 2386 97.
2190 2336 2241 2369 v.
2268 2336 2312 2369 ι.
2339 2333 2396 2388 Ρ.
2414 2335 2510 2386 99.
2531 2334 2585 2369 v.
2621 2328 2711 2380 14.
2774 2315 2912 2369 Non
2939 2332 3027 2370 me
3066 2317 3340 2387 praeterit
3364 2315 3495 2384 qui·

944 2422 949 2440 ι
987 2397 1121 2452 dem
1159 2397 1552 2470 Phryniolmm
1601 2416 1766 2492 αχρις
1818 2411 1876 2453 et
1912 2417 1979 2465 μ.
1967 2387 2119 2469 ’χρις
2171 2401 2470 2452 universim
2510 2397 2853 2470 reprobare,
2898 2408 2953 2458 et
3001 2397 3302 2451 Moeriden
3357 2386 3491 2470 ἔχρι

983 2482 1232 2535 Atticum
1273 2498 1396 2536 esse
1431 2479 1674 2548 docere,
1716 2468 1880 2557 ἔχοις
1914 2498 2048 2537 vero
2102 2481 2487 2543 Hellenicum,
2532 2480 2775 2553 denique
2822 2479 3016 2534 stom.
3053 2481 3224 2554 Mag.
3269 2481 3494 2535 tradere

994 2562 1381 2635 ssuqrdidem
1410 2582 1633 2657 semper
1667 2583 1801 2660 αχρι
1839 2578 1894 2620 et
1925 2552 2100 2666 μέχτρι
2139 2566 2442 2638 scripsisse,
2486 2568 2655 2619 etiam
2694 2562 2826 2618 ante
2869 2566 3159 2620 vocalem.
3204 2565 3350 2619 alios
3396 2583 3499 2619 ve·

985 2664 1052 2706 ro
1091 2648 1405 2718 promiscue
1442 2664 1609 2718 αχρις
1639 2664 1700 2703 ου
1740 2659 1795 2702 et
1828 2635 1960 2722 σ’ἱχρι
1997 2666 2099 2712 ους
2144 2649 2337 2701 νειιιιιῑ
2374 2650 2588 2702 cautius
2637 2666 2762 2702 cum
2787 2647 3178 2727 Xenophonte
3222 2664 3351 2703 meo
3400 2650 3496 2720 agi

986 2729 1403 2792 existimabam,
1442 2732 1513 2790 si,
1554 2740 1615 2781 ut
1642 2730 1751 2784 sibi
1782 2744 2083 2797 constaret,
2125 2749 2393 2795 curarem,
2436 2748 2621 2803 neque
2658 2733 2776 2785 eius
2818 2722 3100 2786 scribendi
3157 2749 3372 2786 morem
3414 2730 3497 2786 ad

985 2813 1183 2866 nescio
1221 2829 1387 2884 quem
1432 2799 1754 2879 ἇντικισμδι
1794 2818 2096 2886 exigerem,
2136 2818 2232 2886 qui
2275 2812 2510 2868 fortasse
2547 2810 2772 2868 nonnisi
2813 2813 3264 2868 inconsideratae
3317 2815 3492 2869 libra·

984 2897 1195 2948 ‘riorum
1233 2895 1450 2948 levitati
1482 2898 1782 2990 originem
1791 2894 1990 2951 debet·
2009 2913 2242 2996 magna
2264 2900 2478 2970 quippe
2514 2897 2617 2950 hac
2657 2900 2717 2951 in
2756 2915 2819 2950 re
2867 2899 3241 2955 inconstantia
3287 2897 3493 2970 deprev-

985 2977 1251 3031 henditur
1287 2979 1347 3030 in
1382 2980 1710 3054 scriptorum
1750 2967 2135 3036 ἇττικωτᾶτωι
2170 2984 2420 3052 optimae
2460 2991 2629 3039 notae
2662 2978 2808 3034 Cod.
2835 2979 3000 3034 MSS.
3040 2982 3194 3034 veiut
3241 2978 3495 3076 Uim-sd.

990 3053 2102 3157 Demoslh.Xenoph.Platon.A1-istot.
2127 3075 2231 3118 etc.
2275 3062 2365 3116 Sic
2401 3081 2450 3117 e.
2467 3081 2521 3135 g.
2552 3066 2612 3115 in
2640 3062 2901 3155 Xenopb.
2919 3060 3087 3153 ΟΡΡ.
3109 3064 3266 3134 legas
3290 3052 3496 3157 με’χρις

988 3161 1089 3210 σιν,
1126 3132 1331 3216 μέχρις
1370 3160 1469 3208 ov,
1510 3133 1712 3221 μέχρις
1743 3133 1861 3212 εἰς,
1902 3137 2106 3221 μέχρις
2152 3136 2426 3218 ἕσπέραςς
2469 3145 2572 3200 sed
2618 3158 2673 3201 et
2705 3135 2879 3218 μέχρι
2915 3162 3069 3214 στου,
3110 3139 3281 3221 μέχρι
3324 3134 3492 3211 ὅτων,

986 3237 1095 3281 etc.
1140 3228 1428 3281 Postremo
1462 3228 1647 3282 facere
1684 3247 1801 3282 non
1841 3247 2092 3328 possum,
2119 3233 2253 3301 quin
2286 3231 2390 3284 hac
2421 3233 2715 3284 occasione
2753 3228 3054 3284 ostendam
3082 3249 3253 3302 quam
3293 3242 3497 3305 parum

985 3306 1278 3364 fidendum
1305 3312 1395 3372 sit,
1428 3321 1487 3364 ut
1525 3311 1788 3376 librariis,
1815 3316 1892 3368 sic
1927 3324 1984 3367 et
2019 3314 2521 3368 Grammaticorum
2559 3312 2897 3367 Graecorum
2938 3318 3302 3388 praeceptis,
3319 3330 3497 3388 qpan-

952 3390 1298 3473 doquidem
1331 3392 1691 3449 Herodianus
1721 3399 1779 3449 in
1813 3395 2012 3451 Philet.
2031 3401 2111 3451 ait
2143 3385 2313 3496 μέχρι
2350 3414 2474 3453 esse
2507 3397 2770 3462 Atticum,
2795 3384 3000 3468 μέχρις
3039 3415 3173 3451 vero
3211 3398 3490 3459 Ionicum·

992 3493 1164 3561 quum
1201 3485 1390 3529 tamen
1420 3480 1474 3530 ei
1513 3487 1629 3531 tam
1659 3496 1836 3552 saepe
1860 3493 2199 3555 repugnetur
2236 3483 2296 3535 in
2328 3478 2616 3533 Herodoto
2636 3499 2658 3539 ι
2703 3478 2780 3533 ad
2814 3497 2983 3550 quem
3025 3481 3259 3535 consule
3295 3478 3491 3533 Valek.

992 3576 1051 3631 Ρ.
1068 3569 1163 3631 85.
1194 3559 1576 3632 exemplisque
1604 3562 1677 3617 ab
1717 3579 1788 3615 eo
1832 3562 2088 3620 adductis
2124 3562 2274 3619 adde
2300 3563 2395 3618 lib.
2415 3564 2495 3622 Π
2518 3580 2562 3615 c.
2588 3582 2718 3633 ¹79·
2740 3574 2796 3616 et
2828 3562 2930 3617 lib.
2938 3562 3101 3616 VIII.
3124 3581 3167 3617 ο.
3199 3583 3294 3634 13

1185 3635 1253 3701 Ρ.
1271 3650 1373 3714 91.
1398 3652 1464 3701 V.
1487 3649 1546 3717 5.
1600 3633 1953 3703 απελεῖποντο
1990 3638 2097 3720 δὲ]
2148 3648 2422 3721 Scriptum
2460 3645 2652 3700 malim
2687 3634 2791 3703 οὐκ
2832 3633 3187 3716 &nexem-erro
3254 3633 3309 3701 δὲ
3369 3631 3493 3702 ου’δέ

988 3713 1042 3780 ὃι
1094 3711 1262 3790 ubres.
1312 3725 1677 3783 ABRESCH.
1886 3731 2032 3787 Satis
2083 3735 2276 3805 utique
2318 3731 2694 3805 exprimitur
2699 3729 2831 3784 sola
2887 3731 3163 3803 particula
3212 3720 3269 3786 δὲ
3327 3727 3492 3802 quod

877 3847 885 3854 .
992 3806 1303 3880 significare
1337 3807 1545 3863 Noster
1585 3813 1777 3868 voluit.

1184 3884 1253 3951 P.
1277 3901 1380 3969 91.
1403 3905 1469 3952 V.
1488 3883 1549 3955 6.
1586 3883 1681 3961 ἧμ
1668 3884 1817 3971 ἕρεις]
1865 3896 2118 3954 Subaudi
2154 3916 2323 3963 τινας,
2368 3896 2441 3951 de
2473 3912 2587 3968 qua
2621 3895 2846 3968 ellipsi,
2891 3902 3116 3969 praeter
3151 3893 3221 3949 L.
3246 3889 3496 3949 Βοεὶιιοι

993 3972 1198 4047 Ellips.
1239 3976 1436 4031 Graec.
1479 3996 1538 4050 Ρ.
1558 3990 1702 4046 328·
1754 3983 1994 4036 consuli·
1984 3993 2191 4055 ·potest
2246 3979 2534 4035 D’orvilt.
2571 3978 2645 4034 ad
2687 3977 2898 4033 charia
2955 3997 3015 4051 p·
3037 3995 3175 4048 497·
3219 3987 3280 4034 ⁶⁸
3334 3992 3495 4051 33‘1‘1·

995 4057 1129 4113 Pari
1165 4058 1336 4117 modo
1369 4059 1581 4118 Achill.
1611 4061 1730 4119 Tae.
1758 4064 1854 4121 lib.
1873 4068 1918 4123 1.
1941 4085 1989 4123 c.
2012 4077 2070 4132 8.
2089 4084 2144 4142 Ρ.
2163 4083 2282 4144 5⁰·
2296 4065 2436 4122 dixit
2466 4053 2666 4144 χρόνος
2699 4059 2848 4121 86711
2884 4053 3106 4140 'ul-w&-
