3969 5126
937 575 1782 632 xenoruon‘r.
1907 573 2623 629 ernnsrvm.
2744 544 2749 547 ’
2902 584 3023 653 243

727 695 797 761 P.
821 707 921 777 75.
943 713 1007 758 V.
1027 684 1154 759 6.''
1120 718 1171 754 ει
1199 694 1400 772 ποθεν]
1448 698 1664 754 Addidi
1714 688 1764 754 ἔι
1812 698 2072 754 hortante
2102 698 2423 752 Hemsterb.
2453 709 2509 752 et
2539 696 2902 753 suadentibus
2940 703 3013 752 si·

526 783 758 838 milibus
789 785 945 849 locis,
985 787 1046 837 in
1081 784 1281 853 quibus
1318 781 1470 857 apud
1495 782 1773 836 Nostrum
1809 793 1941 855 post
1971 782 2147 837 verba
2176 780 2501 853 inquirendi
2522 786 2771 852 sequitur
2798 770 2867 836 ἔι.
2913 784 3017 834 Vi-

535 866 608 920 de
647 885 708 940 Ρ.
728 885 827 939 59.
856 887 910 921 v.
921 878 1028 932 ι4.
1050 884 1108 939 Ρ.
1129 867 1227 929 68.
1249 886 1301 920 v.
1324 878 1377 929 8.
1401 878 1462 939 Ρ.
1485 868 1582 930 86.
1598 885 1654 918 v.
1679 867 1734 919 6.
1797 864 1976 918 Addit
2020 863 2342 919 Hemsterh.
2381 864 2627 919 obfuisse
2680 865 2806 918 huic
2846 868 3017 936 parti-

533 950 696 1002 culae
725 948 1144 1002 similitudinem
1183 949 1413 1002 ultimae
1451 948 1711 1019 syllabae
1744 950 1804 1001 in
1837 935 2320 1021 ἔπὀλυπρανμὸνει.
2387 948 2556 1000 Idem
2596 964 2730 1001 mox
2770 967 2826 1001 v.
2860 965 2913 1014 7.
2939 946 3016 1001 ad

534 1023 812 1097 δυνὴσεται
860 1030 1054 1083 laudat
1092 1033 1224 1084 loca
1260 1031 1548 1085 Aris-taen.
1586 1031 1685 1085 lib.
1700 1035 1746 1085 Ι.
1788 1049 1880 1105 ep.
1906 1035 1962 1087 6.
2003 1041 2057 1085 et
2099 1031 2283 1101 Longi
2317 1029 2417 1083 lib.
2435 1033 2485 1085 1.
2519 1049 2565 1085 c.
2595 1047 2647 1095 4.
2685 1033 2815 1101 quia
2853 1033 3015 1083 nimi-

532 1133 688 1177 rum,
734 1121 970 1205 opinor,
1012 1115 1090 1167 ibi
1127 1133 1348 1185 quoque
1380 1105 1428 1169 ἒι
1464 1133 1586 1167 cum
1626 1115 1808 1167 futuro
1838 1115 2125 1167 indicativi
2167 1125 2531 1165 constructum
2565 1116 2815 1165 occurrit.
2903 1113 3013 1166 Pro

534 1215 604 1259 ως
638 1187 692 1249 o}
736 1185 886 1251 οὐδὲν
922 1201 976 1249 in
1016 1197 1144 1249 edd.
1182 1201 1464 1269 scripsisse
1510 1215 1598 1249 me
1626 1187 1698 1261 ὦς
1730 1183 1956 1263 δσῦδέν,
1984 1197 2059 1251 ad
2091 1213 2345 1249 normam
2373 1195 2514 1249 eod.
2537 1197 2721 1259 Flet„
2757 1207 3017 1267 propter-

532 1297 602 1331 ea
640 1279 962 1341 admoneo,
1008 1293 1064 1331 ut
1098 1281 1290 1333 lectori
1330 1279 1502 1333 fidem
1554 1281 1792 1345 faciam,
1834 1297 1924 1333 rue
1962 1299 2035 1333 ne
2071 1281 2355 1333 levissima
2395 1279 2623 1349 quidem
2663 1289 2869 1333 temere
2925 1291 3021 1333 aut

536 1365 698 1415 tacite
744 1349 1082 1415 immutasse.

720 1439 788 1503 P.
810 1453 906 1519 75.
936 1457 998 1501 V.
1025 1455 1078 1519 7.
1118 1433 1480 1507 ἇναλαβὲντες
1506 1433 1736 1513 viva-055]
1786 1445 1874 1497 Sic
1910 1441 2301 1515 reponendum
2333 1459 2537 1495 censeo
2569 1435 2707 1513 [pro
2745 1433 3013 1509 λαβόντες

528 1514 730 1591 ἆυτσυς
764 1531 818 1579 ἰιι
846 1527 978 1581 edd.
984 1523 1014 1597 ]
1065 1529 1202 1579 Huic.
1240 1527 1622 1579 emendationi
1660 1525 1956 1583 crediderit
1980 1527 2185 1595 aliquis
2217 1525 2497 1577 adversari
2531 1525 2689 1597 quod
2729 1519 2821 1595 [in
2849 1544 3015 1597 supp.

530 1609 660 1659 edd.
684 1605 712 1679 ]
758 1621 936 1661 exstat
972 1629 1026 1681 p.
1050 1631 1148 1679 97.
1170 1629 1224 1663 v.
1258 1627 1346 1661 ια.
1398 1647 1414 1661 .
1460 1647 1474 1661 .
1540 1611 1750 1661 Verum
1800 1611 1934 1679 quin
1974 1607 2127 1659 idem
2181 1611 2399 1677 utrique
2435 1607 2561 1659 loco
2601 1607 2913 1661 remedium
2947 1613 3017 1663 sit

528 1691 932 1755 adhibendum,
978 1695 1202 1743 minime
1232 1691 1444 1743 dubito.
1492 1731 1506 1745 .
1554 1729 1569 1743 .
1618 1691 2063 1743 HEMSTERH.
2261 1687 2427 1743 Haud
2465 1701 2783 1743 cunctanter
2827 1695 3019 1763 recepi

526 1779 884 1827 certissimam
920 1775 1064 1826 hanc
1102 1773 1570 1827 emendationem.
1616 1776 1838 1827 Retinui
1862 1791 2087 1870 quoque
2131 1763 2329 1837 οἷοι-οὺς
2367 1791 2437 1823 ex
2477 1771 2565 1825 ed.
2607 1773 2853 1827 Londin.
2885 1793 3017 1827 con-

526 1861 800 1909 sentiente
840 1857 978 1909 Cod.
998 1859 1154 1949 ΕἸοξ.
1198 1859 1264 1907 In
1302 1857 1438 1907 Luc.
1470 1869 1524 1909 et
1544 1857 1718 1909 Vind.
1738 1869 1818 1909 est
1848 1847 2065 1917 ἇυτσύς.
2111 1855 2263 1907 Vide
2301 1853 2495 1905 adnot.
2519 1855 2595 1907 ad
2635 1877 2693 1929 p.
2715 1859 2811 1919 86.
2841 1877 2887 1909 v.
2913 1869 2969 1919 3.

670 1933 784 1997 ·.P
807 1947 906 2013 75.
930 1951 994 1995 V.
1022 1939 1080 2003 8.
1116 1929 1208 1991 ἕπε’
1246 1933 1522 2009 Φοινίκης]
1570 1939 1726 1989 Ferri
1752 1939 1978 2009 quidem
2031 1949 2255 2011 poterat
2295 1955 2391 2003 τῆν
2432 1937 2715 2005 Φοινί,κης
2767 1933 2874 2009 [sic
2911 1941 3013 1989 ha-

526 2023 660 2073 bent
692 2017 856 2093 edd.]
894 2023 1100 2073 scilicet
1136 2011 1294 2081 &Rom
1338 2021 1438 2073 sed
1470 2039 1742 2091 nusquam
1778 2025 1856 2073 ita
1892 2021 2041 2073 solet
2077 2019 2299 2074 Noster.
2365 2021 2575 2071 Contra
2609 2023 2839 2091 singulis
2877 2041 3013 2093 pro-

483 2119 491 2128 ·
526 2105 830 2177 pemodum
870 2109 1098 2175 paginis
1128 2097 1292 2175 [quin
1328 2115 1382 2155 et
1420 2121 1556 2155 mox
1592 2123 1652 2175 p.
1676 2109 1770 2170 76.
1796 2125 1844 2157 v.
1868 2121 1922 2157 2.
1930 2099 1958 2173 ]
1997 2107 2263 2155 invenias·
2271 2121 2435 2173 quam
2471 2101 2689 2157 reddidi
2727 2105 3013 2175 loquutio-

526 2205 674 2239 nem.
722 2225 736 2239 .
784 2225 798 2239 .
844 2187 1132 2239 HEMST.
1300 2189 1454 2241 Loca
1490 2187 1770 2257 plurima·
1756 2205 1868 2239 ram
1902 2187 2267 2239 iudicavimus
2317 2191 2371 2239 in
2413 2183 2541 2239 adn.
2571 2187 2645 2239 ad
2687 2207 2745 2259 p.
2768 2207 2863 2257 59.
2890 2209 2937 2241 v.
2959 2189 3013 2241 6.

526 2281 580 2321 et
618 2269 990 2323 indubitatam
1020 2271 1164 2332 hanc
1198 2269 1654 2323 emendationem
1698 2275 1754 2323 in
1789 2281 2004 2323 textum
2045 2287 2163 2323 non
2205 2273 2451 2341 recipere
2481 2271 2765 2343 piaculum
2809 2271 3015 2323 fuisset.

716 2429 784 2493 P.
806 2427 904 2509 76.
928 2447 990 2493 V.
1014 2445 1074 2511 3.
1122 2429 1210 2489 καί
1244 2427 1506 2507 Σχεδίαν]
1556 2435 1842 2487 Salvinc'us
1876 2439 2037 2487 vertit
2063 2451 2229 2505 sopra
2271 2453 2347 2485 un
2363 2433 2597 2507 fodero,
2643 2433 2713 2485 de
2741 2443 2863 2487 rate
2899 2453 3007 2487 vo-

528 2517 786 2569 cabulum
826 2519 1174 2589 intelligens,
1220 2523 1562 2591 iungensque
1602 2537 1724 2571 cum
1776 2507 2133 2581 ἕμὸαλᾶντες.
2219 2519 2351 2571 Νοιι
2391 2517 2537 2570 adeo
2579 2519 2765 2569 male.
2827 2535 3009 2589 neque

526 2611 644 2651 erat
678 2617 836 2665 sane,
878 2619 970 2653 cur
1008 2599 1208 2653 idcirco
1242 2621 1366 2655 cum
1390 2603 1686 2673 supercilio
1740 2599 2237 2673 reprehenderetur
2283 2599 2355 2651 ab
2395 2601 2447 2655 I.
2479 2600 2737 2671 Casperio
2767 2604 2823 2651 in
2859 2619 3015 2673 spec.

528 2683 679 2736 Diss.
704 2681 774 2736 de
798 2683 1066 2756 Xenoph.
1090 2683 1316 2758 Eph.p.
1346 2687 1436 2736 16.
1486 2685 1618 2740 Non
1652 2689 1898 2756 ignotam
1924 2681 2175 2736 Salvim‘o
2205 2683 2373 2736 fuisse
2409 2683 2627 2750 urbem,
2657 2685 2787 2736 satis
2823 2695 3009 2738 osten-

524 2766 606 2816 dit
648 2766 898 2818 eiusdem
940 2770 1324 2838 interpretatio
1376 2768 1602 2821 ulterius
1660 2768 1768 2820 loci
1794 2786 1864 2838 .p.
1890 2786 1984 2836 9¹·
2011 2788 2061 2818 v.
2091 2784 2181 2819 ιι.
2243 2768 2515 2820 Vicinitas
2557 2768 2917 2838 Hermopolis
2957 2780 3013 2820 et

524 2848 818 2912 schediae,
862 2852 946 2902 cui
984 2850 1130 2902 infra
1168 2852 1202 2903 Ι.
1224 2852 1262 2904 l.
1300 2854 1508 2922 paritet
1536 2856 1652 2904 sive
1692 2850 2103 2920 Hermopolim,
2127 2854 2243 2902 sive
2283 2848 2439 2904 aliud
2469 2850 2613 2904 urbis
2657 2868 2863 2902 nomen
2905 2848 3003 2902 ad-

526 2934 728 2994 iunxit,
774 2932 908 2982 mihi
952 2938 1250 3004 persuasit,
1294 2946 1352 2986 ut
1392 2932 1810 3004 interpretando
1858 2932 2157 2988 Comitium
2189 2950 2469 3002 sequerer.
2519 2932 2685 2984 Adde
2695 2932 2877 3023 quod
2905 2952 3009 3004 pe.-

524 3032 646 3064 rum
686 3012 948 3066 credibile
998 3028 1114 3080 est,
1158 3034 1418 3086 maguam
1468 3016 1744 3068 latronum
1784 3034 2007 3068 manum
2051 3028 2169 3066 rate
2217 3016 2441 3066 alveum
2479 2998 2708 3084 ingredi
2725 3016 3009 3078 voluisse.-

524 3114 628 3148 nec
654 3114 786 3148 vero
832 3114 942 3160 cur,
986 3098 1178 3150 relicto
1214 3102 1460 3172 navigio,
1504 3110 1622 3150 rate
1658 3100 1790 3150 vehi
1818 3100 2117 3160 voluerint,
2161 3100 2303 3148 ratio
2339 3098 2451 3148 ulla
2489 3096 2747 3170 adparet.
2821 3096 3001 3164 Quid-

524 3176 660 3248 quid
692 3196 760 3230 ea
788 3178 860 3230 de
898 3198 954 3232 re
990 3184 1078 3242 sit,
1116 3192 1232 3234 tota
1258 3182 1398 3234 haec
1438 3180 1508 3234 de
1546 3183 1826 3232 latronum
1856 3182 2053 3232 itinere
2091 3184 2332 3232 narratio
2371 3198 2539 3232 coeca
2567 3178 2810 3250 quadam
2851 3182 3003 3232 loco-

522 3280 640 3312 rum
680 3260 890 3312 ordinis
942 3264 1356 3332 perturbatione
1410 3264 1664 3328 laborat,
1710 3262 2189 3334 quemadmodum
2231 3262 2375 3314 infra
2415 3260 2765 3314 admonitum
2805 3274 2885 3314 est
2931 3264 3003 3316 ab

522 3344 848 3396 Hemsterh.
898 3346 956 3396 in
994 3344 1186 3398 adnot.
1222 3346 1296 3398 ad
1332 3368 1384 3400 v.
1410 3366 1460 3410 7.
1548 3348 1718 3418 Igitur
1756 3346 2041 3416 quomodo
2071 3346 2465 3418 Xenophontis
2521 3358 2763 3398 mentem
2814 3350 2871 3398 in
2901 3346 3005 3398 hac

519 3430 842 3480 narratione
874 3426 1116 3480 dilucide
1152 3430 1516 3500 explicarem,
1560 3448 1676 3484 non
1712 3430 1942 3484 multum
1974 3434 2035 3482 iu
2061 3432 2315 3482 versione
2347 3430 2615 3482 sollicitus
2655 3430 2751 3494 sui,
2791 3434 3007 3504 quippe

524 3514 618 3580 qui
644 3528 762 3562 non
792 3512 924 3560 saris
962 3514 1238 3582 scriptoris
1278 3524 1518 3564 mentem
1556 3512 1910 3584 adsequerer.

713 3582 906 3666 P..76
930 3604 992 3650 V.
1016 3602 1096 3668 3-
1118 3604 1176 3670 4.
1216 3584 1446 3666 &mpura
1482 3622 1564 3636 —-
1594 3586 1698 3650 ὑπὸ
1744 3600 1940 3650 Μενελ.
1995 3614 2181 3660 γενομε
2171 3584 2233 3648 ’ν.
2251 3588 2282 3664 ]
2333 3566 2663 3648 Menelaum
2707 3594 2997 3666 intellige,

520 3692 634 3728 non
674 3634 902 3728 her'oem
932 3678 1220 3741 Atridam,
1262 3678 1362 3732 sed
1400 3678 1710 3732 Ptolemaei
1748 3682 1910 3750 primi
1962 3678 2207 3744 fratrem,
2251 3682 2427 3730 virum
2463 3690 2781 3742 strenuum,
2826 3682 2997 3748 inque

520 3758 682 3810 rebus
726 3758 1000 3850 gerendis
1018 3762 1476 3822 solertissimum;
1522 3760 1736 3826 (Diod.
1772 3760 1886 3812 Sic.
1939 3762 2039 3814 lib.
2057 3762 2221 3812 XIX.
2249 3780 2305 3834 Ρ.
2331 3776 2465 3828 704.
2491 3761 2563 3812 D.
2587 3760 2605 3824 )
2646 3766 2731 3812 cui
2783 3778 2994 3814 nomen

522 3844 690 3892 etiam
732 3842 924 3894 debuit
976 3830 1000 3896 ὅ
1038 3848 1128 3896 Με
1110 3846 1374 3910 velati-215
1414 3834 1592 3910 νόμος.
1654 3842 2013 3896 Artemidori
2059 3844 2407 3914 aliorumque
2457 3862 2699 3896 errorem
2733 3862 2801 3896 ea
2845 3846 2903 3894 in
2937 3862 2999 3896 re

522 3928 766 3994 coarguit
814 3924 1014 3976 Strabo
1072 3926 1166 3978 lib.
1190 3928 1381 3978 XVII.
1432 3946 1490 3998 Ρ.
1520 3946 1694 3998 ²¹53·
1732 3928 1802 3984 A.
1852 3928 1997 3980 hanc
2055 3928 2261 3980 fossam
2307 3928 2615 3980 luculenter
2657 3926 2995 3980 describente.

524 4004 722 4074 Neque
752 4006 970 4060 diversa
996 4020 1076 4062 est
1104 4026 1270 4078 quam
1314 4022 1710 4064 commemorat
1732 4012 2041 4082 Procopius
2071 4014 2227 4062 initio
2263 4010 2471 4066 lib.V1.
2507 4008 2575 4062 de
2607 4010 2997 4070 Fabr.1ustin.

526 4086 964 4144 HEMSTERH.
1136 4092 1422 4148 salvinius
1462 4098 1624 4150 vertit
1666 4094 1764 4148 nel
1786 4094 1956 4168 fosso
1999 4094 2095 4146 del
2121 4094 2377 4170 fleme
2369 4094 2515 4146 fatto
2555 4092 2629 4142 da
2679 4094 2985 4150 Menelaor

2435 4178 2483 4228 H
2509 4176 2547 4228 h
2595 4194 2623 4226 ιι
