3969 5126
968 595 1811 686 xiznopnonr.
1941 630 2651 687 EPuEstvM.
2931 644 3052 711 203

567 755 798 809 vellent.
885 754 1128 826 Egregia
1180 754 1555 809 subministrat
1581 754 1842 809 Kuhm’us
1883 752 1958 807 ad
1991 751 2221 806 Aelian.
2261 756 2337 808 V.
2367 755 2435 810 H.
2475 753 2655 810 lib.V.
2685 775 2730 810 c.
2765 771 2856 821 14.
2955 760 3067 811 luo

564 838 764 891 saltem
811 837 920 891 levi
961 838 1117 890 humi
1167 842 1416 909 ingestae
1468 855 1696 891 munere
1737 855 1807 889 ne
1851 837 2112 909 Lampon
2158 835 2385 908 defungi
2438 857 2552 892 non
2586 838 2959 911 dedignetur,
3012 854 3073 895 ut

563 921 668 973 sibi
705 932 834 992 post
866 932 1100 973 mortem
1141 920 1354 974 obitam
1402 923 1474 972 sit
1510 921 1728 984 melius,
1775 919 1984 972 Anthia
2024 921 2269 990 supplex
2306 931 2444 972 orat.
2535 923 2875 994 Ceteroquin
2936 941 3066 977 usus

560 1013 764 1077 postea
813 1003 992 1056 multo
1028 1002 1285 1056 latiorem
1322 1000 1634 1073 adsignavit
1679 996 1759 1073 τῷ
1809 983 2035 1061 &dn-739
2094 999 2442 1071 significandi
2485 1003 2757 1057 modum.
2832 1024 3063 1060 omnem

563 1089 713 1137 enim
741 1083 970 1137 curandi
1007 1084 1215 1136 funeris
1255 1086 1533 1138 bonorem
1560 1059 1980 1157 complectitur·
2025 1082 2218 1152 illique
2253 1087 2443 1148 etiam,
2489 1089 2583 1156 qui
2631 1106 2766 1160 rogo
2812 1092 3068 1161 impositi

559 1180 890 1230 cremantur,
932 1139 1058 1237 πυέἰ
1088 1155 1405 1225 &mnsam
1456 1166 1565 1220 dici
1604 1168 1804 1220 solent.
1890 1166 2059 1218 Cuius
2110 1182 2274 1224 curae
2313 1170 2612 1239 participes
2648 1187 2770 1226 esse
2813 1171 2900 1223 fas
2948 1189 3066 1224 non

560 1261 697 1313 erat,
740 1253 836 1320 qui
871 1249 1092 1303 sibimet
1131 1253 1240 1321 ipsi
1282 1251 1391 1301 vim
1440 1250 1792 1301 intulissent:
1841 1236 1954 1313 οὔχ,
1987 1263 2127 1302 oceo!
2164 1264 2288 1318 πυρι
2343 1240 2659 1306 θαπΊεσθ-αι
2719 1241 2768 1307 ὖι
2828 1241 3059 1317 ἕαυτους

557 1319 983 1394 α’ποκτείναντες,
1026 1342 1084 1384 ιιι
1122 1331 1503 1383 Philostratus
1545 1333 1623 1383 ait
1659 1331 1879 1383 Heroic.
1917 1348 1974 1401 p.
1999 1347 2141 1394 γει.
2186 1329 2351 1381 Idem
2377 1328 2448 1382 de
2485 1333 2596 1384 Vit.
2626 1333 2806 1429 Soph.
2831 1354 2896 1427 p.
2882 1338 3046 1389 ..6οι

553 1415 860 1506 Apollonii
893 1414 1249 1466 Atheniensis
1283 1424 1666 1481 argumentum
1703 1410 2128 1464 declamationis
2179 1425 2579 1465 commemorat
2624 1403 2720 1466 ἔπι
2756 1411 2858 1471 τοῦ
2898 1420 3049 1470 Καλ-

552 1493 696 1560 λιου,
726 1513 788 1560 ος
825 1483 1142 1566 ἆπαγορεῦει
1172 1502 1290 1559 τοῖς
1315 1485 1623 1563 Α’θηναίοις
1657 1511 1778 1565 πυρι
1814 1481 1891 1557 aa)
1926 1482 2170 1551 θάπἹειν.
2214 1494 2283 1545 In
2317 1494 2610 1586 Excerptis
2645 1495 2861 1550 Ctesias
2890 1517 3045 1551 men·

553 1581 631 1630 tio
669 1576 728 1630 lit
765 1576 1049 1631 cuiusdam
1085 1576 1238 1649 apud
1273 1578 1470 1631 Persas
1496 1567 1787 1640 θάψαντος
1822 1568 1916 1629 τὸν
1951 1565 2158 1645 πατέρα
2188 1563 2274 1628 διαὶ
2309 1572 2413 1631 τοῦ
2451 1594 2617 1647 πυρος
2651 1570 2791 1650 παρὰ
2826 1572 2921 1634 τὸν
2950 1568 3037 1635 νό-

550 1677 671 1724 μον.
717 1698 732 1712 .
779 1660 1285 1713 ,HEMSTERt-l.
1479 1658 1666 1712 Etiam
1696 1661 1982 1731 Aegyptio
2022 1673 2175 1710 more
2227 1656 2505 1712 cadavera
2544 1659 2774 1714 condire
2809 1650 3040 1721 savam

551 1746 772 1794 vocavit
822 1741 1030 1794 Noster
1066 1753 1245 1815 p.38.
1265 1761 1318 1796 v.
1350 1762 1437 1813 ¹5·
1529 1743 1787 1795 Ceterum
1823 1739 1978 1810 quod
2032 1743 2114 1792 vir
2161 1738 2352 1792 doctus
2403 1745 2563 1796 initio
2606 1741 2748 1796 dixit
2784 1742 2855 1797 de
2898 1749 3042 1798 anti·

551 1827 825 1893 quissimis
863 1824 1233 1897 temporibus,
1272 1828 1470 1897 quibus
1503 1824 1780 1878 cadavera
1811 1823 2094 1893 insepulta
2126 1826 2546 1894 proiicerentur‚
2593 1829 2757 1879 nimis
2805 1844 3039 1899 genera·

465 1953 468 1958 ,
546 1910 644 1958 ιίιιι
683 1910 1106 1979 pronuntiatum
1141 1919 1261 1970 est,
1305 1919 1360 1962 et
1396 1908 1472 1960 ad
1504 1924 1780 1960 summum
1808 1904 1882 1958 de
1911 1904 2167 1975 gregibus
2214 1903 2547 1970 bominum,
2592 1908 2833 1963 serarum
2885 1928 3042 1968 more

541 1993 607 2040 in
636 1990 790 2042 silvis
825 1993 1151 2053 viventium,
1195 2008 1386 2043 verum
1426 2007 1548 2043 esse
1580 1999 1800 2060 potest,
1851 2003 2023 2057 quare
2059 1987 2135 2040 ad
2172 1986 2569 2044 stabiliendum
2610 1990 2768 2061 quod
2811 1991 2883 2046 de
2917 2009 3042 2046 ver-

544 2069 624 2124 bo
661 2060 887 2126 solvam
917 2070 1125 2135 docuit,
1157 2083 1324 2143 atque
1352 2072 1425 2125 ad
1464 2068 1864 2143 exponendum
1897 2068 1975 2132 id,
2013 2067 2166 2139 quod
2203 2069 2275 2121 ab
2306 2067 2603 2145 Lampone
2636 2077 2778 2145 petit
2806 2075 3041 2142 Arathia,

547 2152 774 2218 (levem
809 2152 1104 2219 videlicet,
1147 2166 1204 2207 at
1252 2155 1556 2226 perfectam
1592 2165 1779 2207 tamen
1827 2151 2256 2215 humationem)
2295 2154 2435 2210 nibil
2469 2158 2701 2208 omnino
2743 2156 2909 2220 fae'it,
2954 2161 3042 2212 in·

545 2233 865 2306 dictumque
896 2239 1083 2308 potius
1124 2254 1352 2290 manere
1386 2235 1647 2290 debebat.
1731 2234 1973 2299 Nullus,
2019 2237 2262 2307 opinor,
2307 2236 2366 2287 iu
2402 2236 2508 2289 hoc
2540 2236 2682 2296 orbe
2724 2242 2856 2294 ritus
2899 2243 3042 2293 anti-

546 2322 708 2387 quior
743 2329 826 2371 est
856 2319 1160 2396 sepultura.
1247 2320 1411 2372 Certe
1440 2322 1556 2372 iam
1591 2317 1904 2373 Abrahami
1940 2334 2083 2370 aevo
2120 2314 2375 2388 publicas
2405 2322 2762 2391 privatasque
2802 2326 3035 2395 spelun-

544 2418 672 2462 cas,
715 2404 835 2454 sive
879 2412 1288 2463 monumenta,
1333 2404 1643 2464 exstitisse,
1689 2403 1743 2452 in
1779 2398 1978 2469 quibus
2016 2399 2225 2452 mortui
2268 2400 2654 2470 sepelirentur,
2699 2408 2956 2459 novimus
3010 2424 3043 2460 ο

551 2483 758 2534 Genesi
791 2484 1091 2535 c.xxnt.
1134 2483 1427 2554 Insepulta
1468 2494 1680 2535 tantum
1715 2479 2146 2534 offendebantur
2186 2495 2376 2532 eorum
2410 2482 2709 2546 cadavera,
2752 2491 2868 2555 qui,
2913 2492 3033 2543 sive

541 2557 918 2636 naufragium
923 2568 1084 2637 passi
1139 2568 1310 2635 inque
1360 2567 1487 2619 litus
1529 2568 1733 2629 eiecti,
1776 2567 1893 2619 sive
1947 2566 2008 2616 in
2044 2567 2137 2617 via
2182 2568 2421 2630 mortui,
2463 2567 2581 2620 sive
2630 2567 2747 2619 alio
2789 2570 3041 2641 quodam

544 2665 672 2701 casu
705 2652 782 2699 sic
813 2647 1066 2701 derelicti
1101 2648 1377 2701 iacebant.

732 2722 799 2787 P.
822 2721 925 2805 46.
952 2740 1018 2787 V.
1040 2740 1101 2804 9.
1150 2718 1501 2808 ἀποκτείνας]
1549 2731 1895 2804 Perperam
1880 2749 1938 2785 ιιι
1973 2725 2107 2784 edd.
2141 2746 2404 2793 excusum
2438 2718 2745 2787 οἷποκτεῒναι
2801 2739 2880 2789 ita
2915 2755 3041 2792 cor

542 2814 662 2864 rexi
696 2812 836 2866 duce
865 2811 1312 2867 Hemsterhusio.

730 2888 799 2954 P.
818 2886 919 2973 46.
945 2908 1008 2954 V.
1036 2904 1131 2953 12.
1161 2882 1276 2954 ἔγω
1312 2882 1406 2965 δὲ]
1455 2890 1788 2949 Deficientia
1819 2895 1933 2950 duo
1970 2896 2111 2950 haec
2138 2896 2310 2950 verba
2348 2897 2607 2968 supplevi
2637 2917 2669 2952 e
2703 2899 2846 2955 cod.
2868 2902 3023 2957 Flor.

537 2977 754 3031 Locum
782 2981 927 3032 hunc
959 2997 1029 3033 ex
1063 2977 1267 3032 eodem
1299 2976 1507 3031 Codice
1545 2979 1806 3033 adferens
1838 2978 2064 3031 D'Orv.
2096 2977 2176 3031 ad
2218 2977 2427 3030 charit.
2464 2997 2520 3048 p.
2541 2984 2682 3049 586.
2729 2988 2917 3038 omisit
2954 2986 3035 3039 fe·

536 3065 771 3122 stinans,
815 3073 872 3114 ut
904 3060 1138 3124 videtur,
1187 3078 1330 3131 quae
1360 3061 1558 3132 paullo
1590 3073 1720 3114 ante
1746 3071 2169 3133 praecesserunt
2205 3061 2375 3113 verba
2413 3058 2600 3119 λαβεῖν
2630 3060 2760 3129 nal,
2745 3085 2759 3098 ·
2804 3083 2934 3119 nam
2978 3080 3036 3121 et

535 3144 794 3213 leguntur
845 3147 903 3197 in
950 3142 1083 3197 edd.
1126 3156 1182 3197 et
1229 3142 1449 3197 reddita
1491 3155 1617 3195 sunt
1679 3147 1734 3194 in
1771 3141 2014 3193 Salvim'i
2066 3154 2119 3193 et
2164 3141 2384 3194 Cocclu'i
2426 3144 2978 3215 interpretationibus
3008 3188 3028 3213 ,

535 3243 720 3295 neque
774 3229 834 3279 in
879 3230 1127 3297 margine
1172 3226 1512 3298 exemplaris
1557 3223 1817 3288 Coc-chii,
1862 3242 1973 3294 quo
2021 3242 2123 3295 ego
2176 3242 2294 3277 sum
2346 3242 2511 3288 usus,
2555 3224 2888 3281 adnotatum
2945 3243 3030 3284 est

541 3306 737 3362 deesse
770 3326 840 3362 ea
881 3312 937 3360 in
971 3307 1112 3360 Cod.
1147 3309 1278 3363 MS.
1321 3306 1686 3371 Abreschius,
1718 3309 1809 3379 qui
1847 3295 1957 3365 ἕγῶ
2000 3299 2059 3362 δε
2097 3309 2155 3358 in
2190 3305 2322 3360 edit.
2358 3305 2605 3359 Londin.
2645 3326 2759 3361 non
2799 3329 3029 3384 repere·

533 3403 639 3463 rat,
684 3390 785 3443 sed
819 3408 904 3444 και
943 3391 1124 3441 solum
1159 3402 1288 3443 ante
1325 3379 1511 3454 ἃεους,
1557 3392 2002 3443 coniunctionem
2037 3390 2196 3444 illam
2237 3390 2421 3461 (quae
2456 3391 2513 3442 in
2543 3390 2685 3443 Cod.
2712 3387 2862 3447 Flot.
2900 3413 3027 3456 nou

536 3470 862 3545 comparet)
895 3490 1001 3545 pro
1036 3460 1185 3525 ἄλλα
1221 3467 1340 3525 esse'
1372 3477 1615 3544 positam
1644 3471 1958 3535 admonuit,
2010 3472 2307 3526 Coc-chium
2341 3470 2603 3534 laudans,
2648 3473 2801 3545 quod
2833 3480 3024 3531 vertis·

536 3568 619 3637 pet
648 3556 752 3607 sed
783 3555 915 3607 deos
950 3555 1240 3618 reveritus,
1289 3567 1342 3607 et
1377 3556 1638 3608 lectorem
1681 3554 1758 3608 ad
1805 3555 2041 3610 Gatack
2075 3555 2147 3609 ad
2181 3553 2463 3607 Antonin.
2492 3554 2783 3627 ablegans.
2833 3559 3017 3614 Habet

534 3640 642 3692 boc
682 3637 904 3708 quidem
940 3639 1137 3691 iustam
1175 3639 1631 3701 excusationem3
1676 3656 1869 3691 verum
1907 3643 2131 3702 nescio,
2176 3637 2377 3702 hercle,
2424 3654 2535 3707 quo
2581 3643 2812 3692 nomine
2852 3659 3018 3695 excu-

534 3740 651 3775 sem
690 3719 936 3774 eiusdem
976 3724 1074 3773 viri
1118 3720 1265 3775 docti
1300 3737 1775 3791 supervacaneam
1813 3720 2183 3790 diligentiam,
2226 3718 2452 3791 quando
2493 3717 2566 3773 ad
2604 3722 2661 3772 h.
2703 3722 2742 3774 l.
2782 3721 3017 3777 adnota-

534 3809 615 3856 vit
651 3794 818 3867 θεοὺς
854 3791 1072 3858 δεδιέναι
1107 3804 1222 3869 (vel
1259 3806 1441 3873 potius
1473 3794 1607 3857 θεὰν
1626 3792 2140 3866 ἕδεδοῖκει)ἀίιιίεεε
2162 3802 2439 3854 Nostrum
2479 3806 2648 3855 etiam
2672 3822 2740 3875 p.
2760 3821 2859 3874 94.
2888 3826 2939 3860 v.
2948 3823 3005 3874 4

538 3886 763 3958 Ioseph.
796 3888 924 3938 item
963 3886 1304 3940 A.1.1ib.11-.
1334 3902 1382 3940 c.
1407 3903 1532 3954 3.s,
1565 3906 1613 3938 ι.
1639 3897 1693 3938 et
1728 3882 2025 3947 φοβεῖσθαι
2060 3877 2153 3940 τὸν
2185 3874 2334 3950 θεὸν,
2379 3884 2449 3939 de
2492 3856 2744 3939 Nlaccab.
2782 3906 2826 3940 s.
2853 3899 2904 3951 8.

727 3962 796 4026 Ρ.
816 3959 918 4045 46.
941 3979 1004 4026 V.
1029 3977 1237 4045 1415.
1279 3956 1376 4033 ἔμε
1415 3963 1589 4032 μᾶλλ.
1607 3986 1726 4022 κακ.
1750 3957 1951 4059 dtas-J
1989 3965 2271 4033 Cocchim,
2306 3961 2646 4040 [transtulit]
2681 3987 2774 4021 me
2804 3970 2864 4022 in
2891 3989 3019 4024 ma.

538 4049 628 4101 ius
662 4051 884 4103 malum
923 4052 1205 4114 ooniiciat,
1249 4068 1350 4103 ceu
1388 4053 1656 4123 scriptum
1696 4060 1840 4103 esset
1883 4036 2095 4111 κάκιον,
2132 4051 2419 4121 quomodo
2463 4051 2593 4104 licet
2642 4054 2783 4104 sumi
2816 4059 3014 4126 possit,

539 4136 670 4202 quia
706 4132 858 4189 haud
893 4145 974 4187 est
1013 4136 1259 4191 insolens
1293 4146 1352 4195 ιιι
1389 4132 1687 4200 adiectiva,
1730 4150 1966 4206 quorum
1997 4137 2362 4208 comparativi
2404 4144 2529 4186 sunt
2568 4133 2742 4202 obvii,
2786 4140 3015 4191 circum.

2440 4217 2485 4269 C
2527 4233 2554 4268 c
2602 4233 2631 4270 ιι
