3969 5126
2901 621 3016 673 XV

537 738 751 841 plane
796 738 1185 825 omitteret,
1241 756 1497 808 verum
1539 734 1755 805 etiam
1807 735 1879 806 in
1924 732 2102 806 locis
2142 734 2528 810 indubitate
2569 738 2844 809 vitiosis
2901 746 3022 810 aut

539 844 808 916 mancis
871 838 1266 917 incredibili
1334 837 1633 934 segnitie
1677 834 2004 908 codicem
2057 832 2204 907 MS.
2253 833 2734 913 Bibliothecae
2775 836 3022 912 Mona-

543 945 846 1016 chorum
887 940 1442 1026 Cassinensium,
1487 939 1607 1031 qui
1647 935 1877 1010 codex
1920 938 2009 1025 ei,
2057 950 2139 1008 ut
2178 938 2274 1009 ita
2318 937 2573 1030 dicam,
2618 939 2707 1013 ad
2734 965 3026 1016 manum

543 1059 724 1134 erat,
783 1048 854 1115 in
907 1058 1236 1139 tempore
1279 1038 1655 1112 consulere
1709 1038 2116 1137 neglexit.⁸²
2216 1035 2506 1112 Praeter
2549 1055 2781 1114 errata
2821 1057 3024 1142 typo-

542 1147 809 1235 thetae,
866 1166 1176 1240 quorum
1212 1139 1747 1213 emendationes
1808 1144 1879 1212 in
1935 1140 2073 1212 fine
2106 1163 2248 1211 non
2291 1140 2713 1230 indicantur,
2763 1166 3029 1241 magna

542 1247 741 1321 labes
786 1261 895 1318 est
934 1244 1138 1315 huius
1179 1244 1450 1339 primae
1497 1241 1849 1331 editionis,
1893 1266 2109 1338 quam
2156 1240 2334 1316 adeo
2375 1244 3027 1339 posterioresduae

546 1350 695 1420 fere
742 1358 1271 1445 expresserunt,
1328 1342 1521 1440 quod
1556 1344 2032 1441 interpunctio
2076 1366 2417 1440 persaepe
2460 1344 2654 1416 nullo
2700 1345 3027 1436 consili0‚

546 1449 673 1523 sed
743 1472 967 1546 paene
1015 1466 1230 1518 caeca
1288 1460 1358 1517 et
1420 1446 1749 1536 fortuita,
1804 1447 1954 1517 sive
2011 1447 2291 1542 potiuS,
2349 1460 2430 1517 ut
2490 1445 2712 1521 libere
2749 1446 3026 1538 dicam,

498 1548 503 1553 ’
548 1550 763 1625 stulta
814 1551 1084 1621 ratione
1132 1545 1266 1619 fuit
1311 1546 1643 1637 adhibita,
1698 1550 2125 1644 praesertim
2171 1548 2241 1618 in
2282 1549 2588 1644 punctis,
2644 1571 2828 1644 quae
2881 1573 3032 1621 sae-

544 1674 938 1752 penumero
985 1672 1116 1746 pro
1162 1650 1637 1721 commatibus
1678 1652 1910 1746 posita
1949 1648 2175 1736 fuere,
2232 1651 2400 1744 quin
2454 1650 2667 1721 etiam
2711 1649 2852 1739 ibi,
2909 1650 3036 1723 ubi

545 1753 737 1827 nulla
784 1752 991 1849 plane
1033 1751 1484 1822 distinctione
1527 1772 1708 1846 opus
1751 1765 1923 1822 erat.
1945 1759 2000 1801 ⁸⁸
2105 1749 2382 1821 Deinde
2428 1745 2774 1822 Lucensis
2827 1766 3031 1850 typo·

541 1854 853 1954 graphus
913 1848 1164 1924 Franc.
1216 1846 1643 1947 Bonsignori
1695 1849 1973 1922 recudit
2025 1864 2303 1922 textum
2358 1848 2720 1922 Graecum
2771 1847 3040 1924 Londii'

541 1959 779 2029 nensis
822 1954 1176 2042 editionis,
1231 1950 1465 2024 addita
1498 1950 1792 2023 Cocchii
1830 1947 2079 2026 Latina
2123 1953 2481 2041 versione,
2527 1949 2776 2024 Italica
2807 1952 3033 2024 Salvi·
3087 1980 3095 1987 ·

542 2060 661 2148 nii,
719 2071 792 2129 et
834 2055 1107 2128 Gallica
1155 2052 1516 2139 Iourdani,
1571 2049 1810 2124 Lucae
1866 2076 1925 2124 a.
1976 2070 2191 2145 1781.
2228 2053 2607 2149 quaternis,
2673 2049 2846 2124 -Est
2883 2055 3036 2149 qui·

544 2159 711 2232 dem
746 2158 1036 2255 elegans
1092 2157 1270 2230 haec
1334 2153 1600 2242 editio,
1658 2153 1784 2226 sed
1827 2155 1947 2251 qui
2004 2178 2163 2226 eam
2228 2155 2541 2243 curavit,
2600 2155 2838 2226 omnia
2881 2154 3035 2226 fere

542 2259 803 2333 menda
845 2258 1316 2333 Londinensis
1355 2254 1812 2352 exemplaris,
1867 2256 2112 2351 paucis
2167 2253 2388 2327 modo
2441 2255 2744 2328 latenter
2789 2278 3044 2328 corre-

528 2366 703 2451 ctis,
759 2363 1072 2447 retinuit,
1127 2380 1456 2451 novaque
1496 2358 1811 2451 irrepere
1851 2378 2103 2451 passus
2145 2371 2278 2428 est.
2307 2363 2359 2405 ³⁴
2467 2354 2795 2450 Denique
2839 2359 3038 2452 igno·

546 2477 662 2534 tus
705 2461 877 2532 mihi
921 2459 1210 2555 quidam
1246 2457 1567 2527 Graecus
1615 2457 2059 2552 negociator,
2112 2468 2193 2543 ut
2250 2468 2488 2527 textus
2534 2451 3039 2552 Xenophontis

550 2563 872 2636 Graecus
914 2556 1258 2634 Lucensis
1299 2554 1628 2629 editionis
1671 2578 1811 2627 una
1860 2578 2028 2628 cum
2082 2546 2373 2628 Salvinii
2409 2553 2653 2629 Italica
2702 2559 3039 2646 versione

550 2664 784 2738 denuo
830 2665 1017 2763 typis
1060 2664 1130 2733 in
1173 2660 1306 2731 hac
1344 2655 2087 2730 urbe.describeretur
2129 2673 2453 2755 sumptus
2494 2649 3037 2756 praebuitsedi-

550 2769 821 2839 tionem
858 2781 1144 2839 curante
1173 2760 1581 2855 nescioquo
1622 2774 1852 2832 terrae
1894 2757 2275 2846 fili0,cuius
2319 2755 2583 2832 no'men
2626 2758 2720 2831 ad·
2760 2761 3039 2834 calcem

551 2870 828 2964 ineptae
885 2890 1056 2939 suae
1090 2859 1749 2935 Graeco-barbarae
1786 2858 2246 2961 praefationis
2282 2860 2508 2936 literis
2549 2854 2728 2935 n.1‘.
2775 2862 3036 2937 indica·

555 2979 744 3044 tur.³⁵
848 2973 1103 3067 Quem
1151 2966 1635 3069 ego-quidem
1676 2958 2092 3057 hominem,
2145 2982 2232 3040 ut
2268 2990 2436 3041 cum
2477 2963 2730 3044 Plauto
2761 2966 3033 3055 dicam,

631 3162 731 3216 3²·
773 3109 1131 3201 Testimonio
1178 3159 1307 3202 sunt
1354 3166 1477 3201 cum
1513 3149 1652 3203 illac
1686 3166 1752 3203 o·
1919 3163 2020 3217 34.
2065 3149 2230 3218 Quae
2262 3148 2370 3205 huc
2409 3150 2692 3223 pertinent
2738 3146 2867 3199 loca
2903 3161 3037 3216 sup-

548 3248 705 3285 mnes
737 3232 978 3302 paginae
1018 3235 1076 3282 in
1113 3229 1294 3283 indice
1315 3250 1366 3284 v.
1408 3229 1668 3285 Coc-chius
1697 3249 1789 3284 ον
1840 3230 2061 3304 peditat
2095 3229 2272 3284 index
2292 3272 2312 3298 ,
2355 3243 2460 3288 art.
2505 3229 2669 3283 Edit.
2704 3228 2780 3282 Χ.
2806 3225 2882 3281 Ε.
2923 3226 3037 3278 Lu·

548 3323 911 3378 numeratae,
952 3324 1065 3366 tum
1107 3324 1305 3385 aperte
1340 3313 1643 3367 mendosae
1670 3313 1754 3366 lc·
1839 3329 1986 3367 cens.
2018 3322 2266 3367 curator.

551 3398 761 3449 ctiones
801 3412 837 3446 a
872 3394 1037 3446 nobis
1083 3412 1114 3447 e
1156 3394 1300 3448 eod.
1329 3395 1415 3448 Fi.
1454 3408 1756 3461 correctae,
1925 3414 2021 3467 35.
2059 3394 2256 3478 ‚Editio
2300 3398 2408 3450 ista
2447 3398 2527 3448 sic
2562 3391 2909 3448 inscribitur:
2939 3390 3042 3449 Εε·

554 3488 722 3547 atque
761 3478 1000 3530 lacunae
1050 3477 1351 3548 expletae:
1399 3495 1545 3549 quae
1584 3478 1755 3531 ambo
1838 3474 2109 3547 νοφῶντος
2134 3466 2388 3542 Ε’Φεσῖσυ
2423 3465 2496 3531 τοὶ
2521 3467 2661 3531 κατὰ
2694 3464 2916 3529 Α’νθιίαν
2948 3464 3040 3527 καὶ

552 3562 900 3632 reperiuntur
950 3561 1008 3610 in
1057 3573 1290 3611 numero
1343 3575 1531 3612 earum
1556 3598 1574 3622 ,
1614 3577 1752 3631 'qua-
1838 3549 2201 3632 Α’βροκὸμην.
2246 3556 2334 3615 νῦν
2361 3554 2568 3631 πρῶτον
2598 3547 2916 3626 Ε’λληνιστῖ
2941 3572 3043 3621 με·

554 3660 674 3694 rum
703 3631 866 3694 sed'es
902 3638 1146 3693 ostendit
1176 3637 1351 3692 index
1372 3642 1758 3714 v.Xenoplzon.
1837 3630 1909 3696 τὰ
1943 3637 2049 3706 τῆς
2083 3631 2364 3709 Ῑ’ταλικῆς
2385 3629 2767 3711 μεταφράσεως
2804 3633 2907 3693 τοῦ
2943 3653 3038 3692 σο·

555 3715 692 3777 Sero
746 3721 954 3776 deinde
996 3721 1191 3774 fecisse
1237 3719 1532 3776 Cocchium
1555 3761 1575 3788 ‚
1613 3721 1766 3797 quod
1850 3715 2108 3789 φωτάτου
2148 3725 2397 3779 Antonio
2447 3722 2660 3775 Salvini
2711 3707 3039 3775 τυπωθέντσι

556 3806 787 3861 biennio
831 3807 982 3879 prius
1035 3804 1240 3856 factum
1284 3808 1569 3878 oportuit,
1620 3807 1765 3860 infra
1846 3796 1934 3862 διὰ
1970 3804 2263 3872 φιλοτίμου
2311 3793 2544 3872 &ntor-{mc
2580 3799 2680 3862 τοῦ
2732 3813 3048 3876 χρησιμων.

558 3907 620 3964 p.
643 3889 778 3942 XX.
802 3906 860 3940 n.
883 3898 983 3953 48.
1016 3885 1253 3940 videbis.
1846 3877 1900 3945 ἓν
1949 3895 2389 3960 πραγματευταῖς
2428 3872 2787 3946 Πανανιῶτου
2825 3885 3034 3951 Δημητ-
3113 3879 3120 3892 “

596 3977 605 3984 ’
644 3988 746 4042 33.
789 3971 944 4024 Loca
984 3967 1263 4042 quaedam
1303 3969 1668 4026 indicavimun
1705 3973 1763 4026 in
1845 3976 1916 4028 X.
1931 3966 2103 4028 Νἵκόυ
2135 3967 2237 4029 τοῦ
2267 3959 2666 4046 ἕξ1’ωαηῖνων.
2726 3955 2823 4022 Εἰ
2855 3953 3038 4035 Bee‘wy

563 4052 760 4107 adnot.
803 4051 957 4108 Vide
995 4051 1165 4105 indic.
1205 4062 1309 4107 art.
1345 4053 1606 4128 Xenoph.
1646 4073 1763 4110 me·
1844 4051 1949 4124 τῆς
1987 4042 2305 4128 Αὀυστρῖας
2339 4053 2764 4125 2793.octonis.

557 4135 703 4191 licre
727 4136 1089 4192 distinctione
1131 4143 1428 4192 correctus.
2649 4151 2658 4158 ·
