3969 5126
2991 598 3043 651 V

538 709 774 787 multo
790 723 1034 813 -post,
1088 719 1173 782 ut
1211 706 1335 801 fit,
1392 709 1765 813 remissius
1818 708 2213 807 aliquanto,
2270 711 2564 788 tandem
2602 736 2810 805 vero,
2870 738 3053 811 quae

539 840 705 891 mea
742 830 854 889 est
892 816 963 887 in
992 812 1405 925 huiusmovdi
1445 814 2037 911 occupationibus
2079 814 2469 909 mobilitaS,
2509 815 2872 890 interdum
2898 817 3055 891 aliis

543 919 794 994 studiis
840 923 1155 993 intentus
1181 972 1204 1008 ,
1258 912 1392 1014 per
1430 917 1754 1016 integros
1807 926 2098 991 menses
2151 920 2564 1019 neglectum
2613 921 2850 995 iacere
2893 945 3056 994 sum

540 1045 794 1123 passus
840 1022 1244 1096 Auctorem
1286 1019 1528 1095 meum
1554 1075 1576 1109 ,
1633 1033 2006 1119 tamquam
2050 1023 2109 1097 si
2169 1023 2336 1097 eiust
2368 1022 2627 1096 edendi
2671 1020 3052 1098 consilium

539 1128 683 1200 iam
724 1126 936 1225 plane
984 1122 1444 1213 abiecissem„
1510 1120 1669 1196 Huc
1703 1127 2009 1198 accessit
2038 1123 2413 1199 diuturnus
2447 1126 2831 1199 oculorum
2860 1152 3055 1202 mor-

536 1229 716 1319 buS,
752 1230 872 1325 qui
916 1251 1077 1316 me,
1108 1226 1436 1320 quamvis
1471 1226 2007 1300 commentandi
2056 1224 2447 1324 cupidum,
2477 1228 2763 1301 ’acerbe
2814 1229 3054 1326 prohi-

536 1332 711 1407 buit.
769 1326 943 1403 Post
985 1328 1393 1403 restitutam
1420 1326 1678 1403 deinde
1718 1328 2166 1428 aliquantum
2207 1328 2594 1403 oculorum
2639 1332 2895 1421 aciem,
2926 1331 3059 1405 sed

535 1433 749 1509 valde
800 1446 1041 1506 tamen
1079 1429 1568 1524 debilitatam,
1623 1436 1893 1530 (prout
1934 1430 2169 1507 adhuc
2211 1436 2370 1528 est)
2429 1430 2703 1531 perfeci
2748 1433 3055 1530 denique

420 1580 429 1585 -
536 1536 948 1609 intermisso
983 1557 1197 1631 saepe
1236 1533 1474 1609 studio
1505 1550 1926 1635 susceptum
1963 1558 2174 1633 opus,
2218 1535 2460 1633 quoad
2495 1538 2722 1635 potui,
2756 1559 2892 1609 nec
2933 1561 3056 1615 ve.-

535 1662 621 1717 ro
669 1640 820 1712 sine
857 1636 1304 1713 submoleste
1354 1636 1647 1711 labore:
1706 1662 2019 1736 namque
2071 1638 2637 1737 interpretando,
2694 1639 3056 1738 explican-

534 1739 657 1834 do,
708 1739 1131 1817 illustrando
1179 1738 1469 1813 demum
1521 1743 1737 1832 sensi,
1794 1766 1914 1814 me
1954 1740 2047 1817 ad
2086 1742 2216 1818 has
2255 1757 2498 1841 partes
2537 1764 2706 1815 cum
2737 1741 3058 1816 iucunda

535 1844 847 1941 quadam
892 1842 1105 1916 animi
1146 1845 1607 1916 contentione
1650 1844 1991 1944 agendas,
2043 1848 2195 1919 sive
2234 1870 2277 1922 a
2316 1861 2574 1919 natura
2611 1846 2847 1917 minus
2893 1869 3055 1918 esse

534 1960 1064 2045 comparatum,
1114 1945 1265 2016 sive
1307 1968 1444 2018 usu
1478 1947 1714 2019 minus
1751 1948 2247 2045 exercitatum.
2302 1946 2447 2020 Sed
2483 1970 2833 2044 quorsum
2876 1945 3052 2021 ista?

534 2049 834 2146 inquies,
894 2045 1118 2138 Haec,
1165 2045 1443 2118 erudite
1481 2046 1739 2139 lector,
1764 2071 1859 2120 eo
1904 2048 2175 2140 valent,
2217 2062 2323 2138 ut,
2357 2073 2526 2121 cum
2560 2064 2861 2148 propter
2905 2052 3051 2123 exi·-

531 2174 751 2249 guam
806 2163 1133 2224 nostram
1177 2150 1248 2222 in
1294 2146 1435 2222 hoc
1476 2170 1745 2249 genere
1807 2152 2189 2247 peritiam,
2247 2158 2403 2224 tum
2449 2166 2746 2249 propter
2789 2150 3051 2226 crebro

531 2252 1107 2352 interpellatam,
1168 2275 1252 2325 ac
1311 2248 1463 2327 fere
1523 2252 2068 2326 tumultuariam
2124 2252 2309 2327 hanc
2368 2265 2693 2326 nostram
2750 2277 3054 2351 operam

532 2359 798 2432 rectius
843 2357 1119 2455 possim
1163 2354 1315 2444 tibi,
1363 2353 1511 2449 (vel
1558 2356 1802 2450 potius
1844 2355 2122 2446 amiciS,
2156 2356 2414 2450 quibus
2455 2356 2699 2427 nescio
2748 2380 3051 2453 quomo·

534 2459 628 2534 do
674 2459 1055 2543 maiorem,
1101 2478 1321 2552 quam
1365 2478 1529 2525 mea
1568 2453 1710 2523 fert
1753 2451 2091 2544 eruditio,
2142 2455 2763 2555 exspectationem
2800 2457 3056 2549 movi)

533 2561 781 2637 statim
814 2560 886 2631 in
926 2556 1170 2629 limine
1198 2551 1555 2630 Xanthiae
1587 2552 1762 2630 illud
1805 2556 2184 2631 occinere:
2212 2568 2236 2602 ¹
2274 2552 2474 2660 μηδὲν
2518 2550 2833 2659 παρ’ἦμῒὶι
2865 2588 3052 2661 προς.

530 2659 729 2766 δοκᾷἱν
776 2663 926 2737 λίαν
969 2652 1185 2762 μέγα.
1243 2655 1455 2732 Adde
1500 2658 1694 2757 quod
1736 2657 1969 2733 multo
2015 2663 2325 2759 penitius
2372 2686 2529 2736 sese
2572 2659 2904 2734 imbuunt
2939 2660 3052 2734 his

535 2763 788 2841 studiis
832 2763 953 2859 qui
1001 2784 1087 2834 ea
1129 2786 1217 2834 ex
1259 2759 1590 2860 professo
1615 2819 1640 2855 ,
1696 2781 1778 2837 ut
1820 2762 2123 2838 dicimus
2148 2821 2172 2858 ,
2229 2777 2565 2854 tractant,
2624 2776 2840 2861 atque
2882 2762 3050 2837 inde

535 2867 626 2940 ab
671 2863 1158 2939 adolescentia
1198 2864 1368 2938 nihil
1412 2864 1564 2941 fere
1609 2865 1802 2941 aliud
1844 2882 2174 2966 egerunt,
2212 2871 2333 2967 qui
2373 2868 2704 2964 denique,
2761 2880 2842 2940 ut
2870 2863 3048 2940 Tul·
3090 2955 3093 2959 Α

535 2967 610 3040 lii
645 2966 884 3040 verbis
927 2979 1116 3057 utar,
1175 2969 1246 3041 in
1292 2992 1436 3042 una
1476 2969 1872 3070 pffilologia
1916 2975 2150 3080 quasi
2195 2967 2788 3051 tabernaculum
2834 2973 3050 3048 vitae

531 3096 727 3150 suae
768 3065 1258 3150 collocarunt
1287 3126 1310 3161 ,
1346 3082 1574 3168 'quam
1620 3075 1741 3170 qui
1793 3073 1913 3146 diu
1963 3075 2416 3171 multumque
2462 3075 2771 3171 negotiis
2817 3071 3049 3172 publi·

531 3174 635 3248 cis
692 3171 1042 3263 distracti,
1092 3196 1256 3249 sero
1299 3175 1637 3266 demum,
1676 3174 2179 3250 oblectationis
2235 3179 2503 3276 otiique
2564 3177 2636 3248 in
2698 3189 3050 3274 provecta

530 3290 765 3350 aetate
808 3276 1109 3350 honeste
1153 3277 1623 3352 consumendi
1656 3279 1890 3378 gratia
1937 3280 2022 3353 iis
2069 3305 2365 3378 operam
2414 3279 2612 3369 dant,
2659 3276 3047 3351 redeuntes

530 3381 751 3471 viam,
808 3403 956 3476 qua
1002 3382 1072 3452 in
1115 3383 1485 3454 iuventute
1535 3404 1680 3454 non
1740 3382 1962 3455 invita
2016 3379 2325 3459 fortasse
2373 3379 2703 3455 Minerva
2766 3377 3049 3455 fuerant

529 3483 921 3580 progressi.
1019 3481 1547 3582 Quamobrem,
1585 3497 1667 3557 ut
1702 3483 1863 3583 plus
1907 3484 1997 3558 ab
2047 3484 2215 3577 illis,
2256 3509 2474 3584 quam
2514 3483 2601 3559 ab
2647 3484 2755 3557 his
2797 3506 3044 3580 exspe-

530 3599 683 3659 ctes
725 3609 1037 3682 aequum
1078 3601 1206 3659 est.
1313 3585 1468 3661 Iam
1493 3644 1516 3680 ,
1571 3589 1991 3686 priusquam
2032 3585 2319 3687 expono
2363 3612 2545 3686 quae
2604 3588 2676 3659 in
2715 3587 2848 3661 hac
2901 3584 3042 3657 edi-

530 3688 728 3761 tione
770 3713 815 3761 a
871 3711 993 3760 me
1035 3703 1199 3764 sunt
1257 3709 1439 3781 acta,
1497 3689 1584 3764 de
1623 3686 1969 3766 Auctoris
2032 3693 2263 3766 nostri
2322 3707 2583 3782 aetate,
2643 3689 2731 3764 de
2788 3677 3044 3762 codice
3144 3684 3152 3696 “

530 3787 682 3863 MS.
711 3792 833 3887 qui
876 3791 1029 3865 eius
1076 3788 1476 3890 Ephesiaca
1516 3795 1863 3884 continet,
1908 3793 2139 3894 deque
2182 3795 2671 3895 superioribus
2719 3791 3041 3868 editioni·

504 3894 664 3971 bus
719 3909 793 3967 et
846 3896 1297 3970 versionibus
1335 3895 1687 3996 quaedam
1733 3912 1899 3974 sunt
1944 3898 2490 4001 praemittenda.

618 4143 673 4189 ι.
717 4122 894 4203 Apud
917 4122 1219 4202 aristoph.
1254 4129 1311 4184 in
1340 4129 1516 4204 Vesp.
1536 4131 1635 4201 56.
