3969 5126
997 531 1117 612 164·
1552 522 2647 584 ΑΒΝοΤΑτιοΝΕε
2774 528 2941 580 IN

1187 646 1257 716 Ρ.
1281 666 1380 716 20.
1404 667 1470 713 V.
1490 645 1551 715 6.
1590 653 1686 710 καί
1711 646 1858 725 πως]
1907 652 1997 706 Sie
2032 650 2263 705 exhibet
2297 660 2443 704 recte
2489 649 2640 704 Cod.
2666 651 2821 704 Flor-
2908 651 3068 705 Male
3110 654 3191 705 in
3206 651 3340 712 edd.
3391 650 3484 710 κατ’

993 763 1131 809 πως,
1179 755 1235 797 et
1268 760 1388 795 eum
1429 752 1564 793 nota
1599 738 2044 809 interrogationis
2068 746 2201 808 post
2240 722 2663 800 damnaremur,
2709 751 2855 805 quae
2890 737 2946 787 in
2986 732 3131 789 Cod.
3174 736 3328 794 Flor.
3364 757 3484 793 non

994 837 1296 900 comparet.
1382 824 1560 877 Prave
1588 823 1881 895 impositus
1916 831 2200 883 accentus,
2243 835 2475 890 pravam
2503 819 2735 889 peperit
2753 820 3291 891 interpunctionem·
3337 839 3484 893 quae

994 912 1253 965 Italicum
1283 919 1337 961 et
1372 908 1634 960 Latinum
1671 908 2037 977 interpretem
2074 905 2130 954 in
2170 899 2421 954 fraudem
2457 898 2810 953 induxerunt.
2877 897 3037 954 Vidit
3065 919 3198 956 vero
3236 920 3484 958 errorem

994 991 1320 1047 Hemsterb.
1358 1001 1415 1042 et
1445 988 1760 1044 admonuit.

1170 1065 1259 1169 P.
1287 1083 1383 1131 10.
1414 1083 1480 1130 v.
1504 1081 1562 1147 7.
1601 1059 1884 1135 ὅμὸσωμεν
1922 1058 2169 1135 ἑαυτοῖς]
2219 1064 2293 1118 Id
2336 1077 2419 1118 est
2457 1053 2762 1131 οἷλλῆλοις,
2804 1077 2863 1119 ιιι
2892 1084 2950 1138 p.
2982 1082 3043 1117 ιι
3056 1084 3114 1136 5
3141 1087 3194 1119 v.
3226 1086 3319 1122 ιι.
3355 1059 3478 1124 ἔαυ-

990 1149 1123 1223 τοὺς
1157 1144 1553 1220 ἅπειλῆφαμεν,
1600 1147 1690 1224 [et
1730 1170 1793 1222 p.
1814 1171 1869 1220 9.
1893 1171 1948 1203 v.
1974 1169 2029 1220 5.
2066 1140 2168 1212 τὰς
2201 1136 2309 1212 ἕψε
2312 1167 2361 1211 ις
2391 1166 2537 1212 τας.
2524 1136 2756 1219 gmon]
2801 1148 3134 1221 Improbant
3159 1150 3306 1203 hune
3329 1152 3482 1205 verbi

995 1259 1156 1296 usum
1190 1251 1410 1296 veteres
1442 1234 1598 1309 apud
1635 1231 2013 1288 Eustatbmm
2048 1231 2432 1294 Grammatieh
2476 1232 2720 1303 ipsomet
2753 1232 3027 1284 caleulum
3062 1230 3311 1286 addente
3347 1233 3482 1306 Epi-

992 1342 1169 1398 scopo
1211 1322 1284 1376 ad
1305 1319 1511 1391 Odyss.
1536 1318 1605 1371 E.
1635 1337 1696 1390 p.
1681 1329 1844 1381 .24o.
1864 1315 1961 1368 ult.
2049 1315 2259 1366 Contra
2292 1310 2472 1373 tendit
2491 1312 2720 1380 Sumus,
2760 1316 2957 1368 Atticis
2992 1331 3121 1368 eum
3156 1313 3480 1370 vindicans.

994 1412 1081 1462 eui
1118 1407 1283 1460 facile
1321 1402 1627 1465 adsentior,
1655 1396 1812 1471 quod
1849 1396 2004 1470 apud
2044 1396 2468 1468 probatissimos
2494 1414 2719 1469 quoque
2757 1401 2834 1451 ita
2871 1399 3180 1455 inveniam.
3225 1397 3483 1471 Sophocl.

995 1492 1194 1560 Antig.
1240 1502 1374 1556 149.
1424 1483 1670 1555 ΊῚιιιςγᾰ.
1699 1480 1798 1535 lib.
1818 1480 1922 1534 IV.
1962 1498 2010 1535 e.
2038 1496 2136 1552 ²5·
2175 1478 2480 1533 Demosth.
2519 1480 2623 1533 sub
2675 1485 2851 1576 princ.
2887 1491 3010 1533 orat
3062 1483 3120 1533 in
3158 1481 3485 1537 Pantaenet.

1004 1568 1594 1628 Themist.0rat.1X.
1630 1565 1953 1638 p.121.A.
2018 1564 2224 1617 Contra
2259 1547 2544 1630 ἆλληλους
2553 1580 2688 1637 pro
2738 1552 2971 1628 ἕαυτους
3008 1567 3198 1637 posuit
3240 1559 3484 1637 uuay'd.

993 1655 1094 1711 lib.
1118 1655 1225 1708 nl.
1256 1670 1303 1705 e.
1327 1663 1423 1714 81·
1452 1661 1508 1704 et
1532 1667 1600 1702 ea
1634 1659 1819 1702 mente
1851 1644 2062 1699 Suidas
2096 1640 2368 1719 [laudans
2405 1644 2686 1700 Eiusdem
2722 1640 2944 1718 locum]
2971 1647 3072 1700 lib.
3091 1648 3237 1701 mc.
3262 1667 3355 1714 7⁰·
3383 1648 3484 1703 ob-

995 1747 1254 1794 servante
1291 1732 1351 1788 id
1388 1733 1462 1786 ad
1493 1732 1681 1786 Schol.
1723 1733 1836 1784 loci
1871 1733 2076 1803 prioris
2128 1725 2335 1802 [immo
2384 1747 2518 1785 vero
2554 1730 2629 1784 ad
2673 1729 2822 1784 hune
2855 1733 3226 1804 posteriorem
3262 1720 3483 1804 locum]

998 1823 1088 1878 Ci.
1106 1818 1392 1874 Duo-kero.
1437 1809 1643 1889 [immo
1680 1832 1812 1868 vero
1840 1808 2173 1885 Hudsvnm]
2218 1812 2592 1868 ABRESCH.
2761 1812 2923 1867 Conf.
2946 1813 3131 1867 Reitz.
3156 1813 3232 1870 ad
3246 1814 3483 1869 Luciam

999 1905 1137 1959 Vol.
1155 1903 1236 1956 11.
1260 1919 1323 1974 p.
1353 1910 1453 1972 98.
1512 1898 1766 1952 Perizon.
1807 1896 1879 1951 nd
1900 1893 2136 1950 Aeliani
2161 1899 2235 1951 V.
2256 1897 2329 1951 Η.
2366 1891 2464 1950 lib.
2485 1896 2532 1949 1.
2565 1914 2608 1950 e.
2633 1915 2725 1952 ιι.
2774 1908 2829 1950 et
2852 1898 2951 1954 Io.
2969 1894 3197 1950 Albertc·
3251 1898 3483 1954 observ.

991 1987 1274 2056 Philolog.
1308 2003 1369 2059 p.
1391 1993 1534 2054 389.

1185 2060 1253 2127 P.
1278 2077 1377 2126 20.
1399 2078 1465 2123 v.
1487 2064 1547 2133 8.
1595 2052 1692 2120 οὖιι
1729 2051 1823 2135 ἂν]
1871 2062 2129 2136 Propter·
2145 2060 2285 2115 illud
2316 2050 2688 2129 συνοικῆσαιμι
2728 2074 3108 2136 mutatumque
3135 2074 3374 2138 tempus,
3416 2085 3479 2122 oer

994 2154 1190 2211 abesse
1234 2168 1353 2205 non
1390 2160 1598 2223 potest.
1648 2146 2093 2200 HEMSTERH.
2146 2176 2159 2190 ·
2287 2146 2480 2217 Igitur,
2524 2149 2793 2218 quoniam
2829 2150 2888 2200 in
2929 2145 3064 2201 edd.
3101 2164 3219 2200 non
3253 2149 3485 2221 legitur,

992 2239 1166 2291 inseri
1198 2251 1346 2287 nuno
1375 2235 1646 2305 oportuit.
1731 2233 1993 2284 Συνοικεῒν
2019 2246 2132 2282 ιιοιι
2163 2233 2288 2281 raro
2323 2240 2593 2301 usurpant
2622 2229 2821 2284 Graeci
2859 2227 2932 2282 de
2976 2230 3341 2285 contubernio
3380 2235 3485 2285 viri

992 2332 1050 2374 et
1087 2319 1371 2378 feminae,
1417 2319 1515 2386 qui
1551 2317 1671 2367 sine
1703 2312 1954 2385 legitimo
1996 2313 2357 2365 matrimonio
2409 2311 2575 2366 simul
2611 2312 2886 2367 habitant.
2997 2303 3281 2370 Interdum
3313 2319 3487 2369 etiam

994 2403 1321 2477 simpliciter
1357 2398 1510 2452 valet
1546 2396 1709 2476 ςοίνσ.
1797 2394 1891 2449 Ad
1902 2405 2210 2467 jatramque
2246 2392 2705 2466 significationem
2751 2407 3006 2469 spectant
3041 2397 3153 2451 loci
3192 2415 3227 2451 a
3253 2399 3486 2452 Mureto

993 2484 1132 2539 Var.
1155 2485 1311 2537 Leet.
1337 2480 1438 2535 lib.
1456 2482 1557 2533 VI.
1577 2498 1626 2537 e.
1651 2499 1704 2547 7.
1730 2476 1970 2542 laudati,
2015 2477 2216 2550 quibus
2256 2476 2405 2531 adde
2446 2476 2716 2534 Her-odet.
2741 2479 2840 2534 lib.
2863 2480 2907 2531 1.
2927 2499 2976 2534 e.
3007 2500 3027 2533 ι
3050 2500 3142 2536 ιο.
3191 2480 3329 2535 Utro
3368 2501 3484 2536 mo—

996 2568 1073 2624 do
1110 2572 1168 2620 in
1207 2567 1315 2619 hoe
1341 2562 1542 2617 Nostri
1573 2563 1700 2616 loeo
1735 2561 2050 2632 intelligere
2085 2562 2250 2627 velis,
2290 2560 2530 2637 perinde
2563 2568 2665 2618 est.
2744 2561 3032 2616 Salvinius
3066 2567 3341 2620 transtulit
3375 2586 3486 2620 non

998 2652 1085 2705 mi
1115 2649 1418 2703 aecaserd.
1461 2646 1682 2711 melius,
1725 2647 1951 2718 opinor,
2005 2643 2273 2698 Coeehius
2300 2648 2461 2700 vertit
2501 2664 2821 2718 numquam
2856 2647 3005 2700 milri
3024 2647 3170 2723 fore
3205 2667 3337 2703 eum
3370 2652 3486 2703 alia

986 2730 1469 2789 consuetudinem.
2613 2768 2623 2779 ,

1190 2807 1258 2872 P.
1284 2822 1385 2871 20.
1410 2825 1475 2870 V.
1503 2821 1600 2869 11.
1627 2829 1734 2864 ere
1748 2798 1867 2864 κατ’
1890 2805 2024 2877 ἐμοῦ
2069 2797 2288 2882 σκὲψῃ]
2335 2811 2566 2866 Macula
2601 2830 2803 2868 vacare
2838 2831 2954 2866 non
2989 2813 3157 2867 facile
3192 2815 3330 2867 mihi
3358 2834 3482 2890 per·

1002 2896 1240 2955 suadeo.
1286 2886 1730 2949 HEMSTERH.
1924 2894 2078 2961 Quia
2109 2897 2413 2966 praecenit
2446 2891 2561 2968 περὶ
2596 2885 2801 2969 ἄνδρας,
2837 2897 3037 2962 noluit,
3069 2900 3295 2971 opinor,
3326 2918 3488 2972 prae-

999 2984 1346 3056 positionem
1387 2989 1676 3053 repetere‚
1720 2974 1820 3030 sed
1857 2964 2003 3031 κατὰ
2029 2994 2137 3050 pro
2170 2971 2289 3048 περὶ
2322 2976 2603 3046 adhibuit,
2641 2979 2795 3051 quod
2837 2981 3114 3053 exemplis
3164 2999 3279 3036 nou
3320 2996 3485 3037 earet.

995 3068 1068 3121 V.
1099 3066 1277 3122 Zeun.
1302 3061 1378 3116 ad
1405 3062 1594 3134 Viget.
1615 3059 1688 3114 de
1707 3059 1877 3113 Idiot.
1912 3079 1971 3132 p.
1998 3061 2036 3113 6
2048 3078 2069 3112 ι
2090 3079 2140 3113 ι.
2164 3071 2219 3113 et
2242 3058 2409 3116 indic.
2428 3061 2645 3115 Reiskii
2674 3065 2733 3115 in
2758 3063 3109 3119 Demos-tlt.

1189 3140 1256 3206 Ρ
1275 3156 1374 3206 20
1394 3157 1460 3205 v
1486 3154 1585 3204 12.
1628 3134 1728 3210 τὴν
1764 3131 1970 3215 ἀρχὴν]
2020 3142 2402 3210 Graeejsmum
2435 3148 2621 3209 istum,
2673 3164 2840 3218 quem
2888 3149 3007 3199 iure
3044 3146 3339 3200 nominant
3372 3164 3485 3201 sco-

990 3232 1202 3304 pulum
1236 3230 1633 3301 interpretum,
1677 3243 1845 3280 nemo
1879 3228 2079 3279 melius
2112 3231 2420 3302 certiusque
2457 3232 2719 3303 exposuit
2754 3229 3041 3302 Lennepio
3063 3225 3137 3282 ad
3163 3228 3390 3284 Phalar.
3413 3232 3486 3284 Ε

995 3318 1127 3388 pist.
1149 3314 1311 3368 XVI.
1339 3332 1396 3387 p.
1419 3324 1518 3376 8⁹·
1543 3322 1641 3382 83.
1663 3321 1722 3362 et
1741 3309 2132 3369 Lxxxvm.
2119 3331 2214 3404 p.
2239 3329 2378 3382 251.
2409 3330 2546 3383 252.
2573 3313 2840 3407 Nempe
2868 3310 3112 3366 ostendit
3143 3311 3488 3367 evidentissi-
3524 3326 3553 3347 ··'

994 3416 1087 3452 me
1128 3401 1212 3451 vir
1246 3399 1532 3468 insigniter
1568 3394 1785 3448 Graece
1818 3381 2169 3461 doctus,r1>v
2204 3383 2396 3466 ἆρχην,
2428 3395 2522 3449 vel
2559 3381 2753 3466 ἆρχῆιν,
2787 3394 3013 3467 quando
3054 3412 3177 3448 eum
3210 3397 3490 3492 partieula

997 3482 1299 3551 negativa,
1341 3495 1440 3531 sen
1473 3481 1535 3531 in
1569 3480 1826 3532 oratione
1861 3486 2104 3547 negante
2138 3488 2236 3530 aut
2275 3480 2532 3550 privante
2581 3482 2849 3544 occurrit,
2890 3476 3199 3551 significare
3236 3496 3489 3543 onmmo,

991 3563 1185 3635 plane,
1221 3577 1501 3632 prorsus,-
1546 3573 1740 3614 contra
1779 3578 1867 3625 ea,
1912 3562 1970 3613 in
2011 3563 2269 3613 oratione
2308 3558 2661 3627 adfirmante,
2702 3573 2799 3615 aut
2834 3561 2962 3615 huie
2991 3561 3182 3627 simili,
3224 3565 3363 3616 verti
3390 3560 3486 3616 de-

998 3645 1134 3700 bere
1167 3644 1369 3710 initio,
1405 3642 1729 3715 principio,
1771 3643 1936 3697 olim.
2020 3643 2139 3696 Iam
2194 3646 2356 3714 igitur
2398 3647 2608 3698 nemini
2663 3642 2891 3698 dubium
2929 3662 3050 3698 esse
3085 3647 3311 3718 poterit,
3353 3638 3553 3716 quin

996 3727 1154 3800 apud
1179 3728 1382 3780 Ioann.
1407 3729 1468 3779 in
1492 3726 1619 3780 loeo
1652 3727 1753 3780 illo
1792 3711 2241 3799 πολυθρυλλητῳ
2275 3745 2320 3781 e.
2344 3728 2506 3781 V111.
2538 3747 2593 3782 v.
2617 3745 2712 3798 25.
2752 3714 2850 3795 τίιν
2885 3716 3058 3799 ἇρχην
3094 3726 3254 3781 reddi
3283 3727 3490 3784 debeat

995 3811 1182 3874 initio,
1219 3813 1338 3864 sive
1379 3809 1685 3881 principio.
1771 3808 2092 3865 Concordes
2123 3809 2355 3882 quidem
2404 3828 2526 3867 esse
2569 3809 2919 3883 deprehendi
2959 3827 3176 3876 omnes,
3219 3829 3360 3882 quos
3401 3813 3486 3863 in·

996 3898 1184 3965 speri,
1224 3898 1561 3946 recentiores
1600 3903 1979 3956 enarratores,
2025 3896 2293 3957 eatenus,
2339 3905 2400 3948 ut
2437 3884 2720 3967 vulgatam
2758 3897 3073 3948 versionem
3110 3894 3483 3965 principium,

998 3977 1098 4053 qui
1128 3985 1185 4030 et
1219 3977 1420 4048 loquor
1447 3974 1625 4038 vobis,
1652 3977 1944 4028 reiieiant·
1929 4017 1946 4039 ,
1992 3988 2053 4031 at
2078 3979 2138 4029 in
2178 3995 2247 4029 eo
2283 3976 2636 4042 dissentiunt,
2674 3976 2827 4050 quod
2872 3977 2972 4030 alii
3010 3975 3207 4030 volunt
3238 3977 3490 4031 converti

1001 4060 1252 4124 omnino,
1296 4059 1617 4129 aliijaezitio.
1707 4058 2021 4114 Remanent
2067 4059 2248 4113 nihilo
2280 4063 2485 4128 minus,
2526 4059 2831 4115 seeundum
2872 4078 3088 4126 omnes,
3133 4078 3273 4132 quas
3304 4059 3489 4114 adhue
