<?xml version="1.0" encoding="UTF-8"?>
<!DOCTYPE html PUBLIC "-//W3C//DTD XHTML 1.0 Transitional//EN"
    "http://www.w3.org/TR/xhtml1/DTD/xhtml1-transitional.dtd">
<html xmlns="http://www.w3.org/1999/xhtml" xml:lang="en" lang="en">
 <head>
  <title>
</title>
<meta http-equiv="Content-Type" content="text/html;charset=utf-8" />
  <meta name='ocr-system' content='tesseract 3.04.00' />
  <meta name='ocr-capabilities' content='ocr_page ocr_carea ocr_par ocr_line ocrx_word'/>
</head>
<body>
  <div class='ocr_page' id='page_1' title='image "./xenophontisephe00ephegoog_0265.png"; bbox 0 0 3969 5126; ppageno 0'>
   <div class='ocr_carea' id='block_1_1' title="bbox 18 1396 42 1495">
    <p class='ocr_par' dir='ltr' id='par_1_1' title="bbox 18 1396 42 1495">
     <span class='ocr_line' id='line_1_1' title="bbox 18 1396 42 1495; textangle 90"><span class='ocrx_word' id='word_1_1' title='bbox 18 1396 42 1495; x_wconf 30' lang='lat' dir='ltr'><strong>uf</strong></span> 
     </span>
    </p>
   </div>
   <div class='ocr_carea' id='block_1_2' title="bbox 993 641 3077 713">
    <p class='ocr_par' dir='ltr' id='par_1_2' title="bbox 993 641 3077 713">
     <span class='ocr_line' id='line_1_2' title="bbox 993 641 3077 713; baseline -0.001 -17"><span class='ocrx_word' id='word_1_2' title='bbox 993 642 1836 699; x_wconf 73' lang='grc' dir='ltr'><strong>ιιΕΝοΡιιοΝτ.</strong></span> <span class='ocrx_word' id='word_1_3' title='bbox 1959 641 2677 697; x_wconf 74' lang='grc' dir='ltr'><strong>ΕΡιιΕεινΜ.</strong></span> <span class='ocrx_word' id='word_1_4' title='bbox 2960 641 3077 713; x_wconf 80' lang='lat'><strong>205</strong></span> 
     </span>
    </p>
   </div>
   <div class='ocr_carea' id='block_1_3' title="bbox 567 764 3074 1250">
    <p class='ocr_par' dir='ltr' id='par_1_3' title="bbox 567 764 3074 1250">
     <span class='ocr_line' id='line_1_3' title="bbox 571 764 3071 864; baseline -0.003 -42"><span class='ocrx_word' id='word_1_5' title='bbox 571 767 950 839; x_wconf 82' lang='lat' dir='ltr'><strong>suspicionem</strong></span> <span class='ocrx_word' id='word_1_6' title='bbox 990 780 1178 828; x_wconf 79' lang='lat' dir='ltr'><strong>movet</strong></span> <span class='ocrx_word' id='word_1_7' title='bbox 1220 767 1411 822; x_wconf 83' lang='lat' dir='ltr'><strong>damni</strong></span> <span class='ocrx_word' id='word_1_8' title='bbox 1436 769 1723 864; x_wconf 78' lang='lat' dir='ltr'><strong>gravioris,</strong></span> <span class='ocrx_word' id='word_1_9' title='bbox 1758 764 1912 837; x_wconf 87' lang='lat' dir='ltr'><strong>quod</strong></span> <span class='ocrx_word' id='word_1_10' title='bbox 1952 768 2060 820; x_wconf 85' lang='lat' dir='ltr'><strong>nisi</strong></span> <span class='ocrx_word' id='word_1_11' title='bbox 2088 764 2316 820; x_wconf 84' lang='lat' dir='ltr'><strong>reducto</strong></span> <span class='ocrx_word' id='word_1_12' title='bbox 2354 783 2514 819; x_wconf 79' lang='lat' dir='ltr'><strong>versu</strong></span> <span class='ocrx_word' id='word_1_13' title='bbox 2548 783 2663 820; x_wconf 85' lang='lat' dir='ltr'><strong>uno</strong></span> <span class='ocrx_word' id='word_1_14' title='bbox 2702 775 2869 836; x_wconf 86' lang='lat' dir='ltr'><strong>atque</strong></span> <span class='ocrx_word' id='word_1_15' title='bbox 2895 764 3071 817; x_wconf 74' lang='lat' dir='ltr'><strong>altero</strong></span> 
     </span>
     <span class='ocr_line' id='line_1_4' title="bbox 570 838 3074 923; baseline -0.002 -18"><span class='ocrx_word' id='word_1_16' title='bbox 570 853 759 905; x_wconf 84' lang='lat' dir='ltr'><strong>sarciri</strong></span> <span class='ocrx_word' id='word_1_17' title='bbox 787 862 1051 919; x_wconf 87' lang='lat' dir='ltr'><strong>nequeat.</strong></span> <span class='ocrx_word' id='word_1_18' title='bbox 1139 852 1288 905; x_wconf 88' lang='lat' dir='ltr'><strong>Nam</strong></span> <span class='ocrx_word' id='word_1_19' title='bbox 1326 855 1374 905; x_wconf 86' lang='lat' dir='ltr'><strong>si</strong></span> <span class='ocrx_word' id='word_1_20' title='bbox 1412 869 1555 923; x_wconf 77' lang='grc' dir='ltr'><strong>παρα</strong></span> <span class='ocrx_word' id='word_1_21' title='bbox 1581 867 1676 906; x_wconf 67' lang='grc' dir='ltr'><strong>τοι</strong></span> <span class='ocrx_word' id='word_1_22' title='bbox 1710 838 1960 910; x_wconf 73' lang='grc' dir='ltr'><strong>ἆιγιαλόν</strong></span> <span class='ocrx_word' id='word_1_23' title='bbox 1990 851 2128 902; x_wconf 84' lang='lat' dir='ltr'><strong>vitio</strong></span> <span class='ocrx_word' id='word_1_24' title='bbox 2166 860 2375 910; x_wconf 86' lang='lat' dir='ltr'><strong>carent,</strong></span> <span class='ocrx_word' id='word_1_25' title='bbox 2419 847 2762 923; x_wconf 72' lang='lat' dir='ltr'><strong>intercidisse</strong></span> <span class='ocrx_word' id='word_1_26' title='bbox 2798 847 3074 900; x_wconf 86' lang='lat' dir='ltr'><strong>nonnulla</strong></span> 
     </span>
     <span class='ocr_line' id='line_1_5' title="bbox 571 929 3071 1006; baseline -0.002 -19"><span class='ocrx_word' id='word_1_27' title='bbox 571 949 801 987; x_wconf 87' lang='lat' dir='ltr'><strong>necesse</strong></span> <span class='ocrx_word' id='word_1_28' title='bbox 856 944 940 986; x_wconf 84' lang='lat' dir='ltr'><strong>est</strong></span> <span class='ocrx_word' id='word_1_29' title='bbox 982 933 1095 986; x_wconf 74' lang='lat' dir='ltr'><strong>illis</strong></span> <span class='ocrx_word' id='word_1_30' title='bbox 1129 935 1362 988; x_wconf 84' lang='lat' dir='ltr'><strong>vocibus</strong></span> <span class='ocrx_word' id='word_1_31' title='bbox 1407 932 1779 987; x_wconf 71' lang='lat' dir='ltr'><strong>sustentandis</strong></span> <span class='ocrx_word' id='word_1_32' title='bbox 1818 943 1974 1006; x_wconf 89' lang='lat' dir='ltr'><strong>apta.</strong></span> <span class='ocrx_word' id='word_1_33' title='bbox 2062 934 2272 985; x_wconf 85' lang='lat' dir='ltr'><strong>Verum</strong></span> <span class='ocrx_word' id='word_1_34' title='bbox 2326 929 2446 984; x_wconf 82' lang='lat' dir='ltr'><strong>fieri</strong></span> <span class='ocrx_word' id='word_1_35' title='bbox 2485 935 2579 984; x_wconf 84' lang='lat' dir='ltr'><strong>vix</strong></span> <span class='ocrx_word' id='word_1_36' title='bbox 2615 942 2823 1002; x_wconf 85' lang='lat' dir='ltr'><strong>potest,</strong></span> <span class='ocrx_word' id='word_1_37' title='bbox 2868 942 2928 983; x_wconf 89' lang='lat' dir='ltr'><strong>ut</strong></span> <span class='ocrx_word' id='word_1_38' title='bbox 2965 947 3071 1003; x_wconf 80' lang='lat' dir='ltr'><strong>pro</strong></span> 
     </span>
     <span class='ocr_line' id='line_1_6' title="bbox 570 1009 3073 1089; baseline -0.001 -21"><span class='ocrx_word' id='word_1_39' title='bbox 570 1021 796 1069; x_wconf 74' lang='lat' dir='ltr'><strong>sinceris</strong></span> <span class='ocrx_word' id='word_1_40' title='bbox 843 1028 1232 1089; x_wconf 81' lang='lat' dir='ltr'><strong>agnoscantur,</strong></span> <span class='ocrx_word' id='word_1_41' title='bbox 1276 1029 1373 1070; x_wconf 89' lang='lat' dir='ltr'><strong>aut</strong></span> <span class='ocrx_word' id='word_1_42' title='bbox 1410 1015 1773 1072; x_wconf 85' lang='lat' dir='ltr'><strong>commodum</strong></span> <span class='ocrx_word' id='word_1_43' title='bbox 1810 1012 2045 1085; x_wconf 64' lang='lat' dir='ltr'><strong>aliquod</strong></span> <span class='ocrx_word' id='word_1_44' title='bbox 2078 1014 2309 1067; x_wconf 83' lang='lat' dir='ltr'><strong>fulcrum</strong></span> <span class='ocrx_word' id='word_1_45' title='bbox 2346 1017 2654 1068; x_wconf 66' lang='lat' dir='ltr'><strong>inveniant.</strong></span> <span class='ocrx_word' id='word_1_46' title='bbox 2701 1009 2898 1083; x_wconf 79' lang='lat' dir='ltr'><strong>[Certe</strong></span> <span class='ocrx_word' id='word_1_47' title='bbox 2926 1030 3073 1085; x_wconf 84' lang='lat' dir='ltr'><strong>quae</strong></span> 
     </span>
     <span class='ocr_line' id='line_1_7' title="bbox 571 1086 3074 1173; baseline -0.001 -22"><span class='ocrx_word' id='word_1_48' title='bbox 571 1115 705 1152; x_wconf 82' lang='lat' dir='ltr'><strong>mox</strong></span> <span class='ocrx_word' id='word_1_49' title='bbox 749 1097 824 1151; x_wconf 88' lang='lat' dir='ltr'><strong>ad</strong></span> <span class='ocrx_word' id='word_1_50' title='bbox 861 1119 913 1153; x_wconf 85' lang='lat' dir='ltr'><strong>v.</strong></span> <span class='ocrx_word' id='word_1_51' title='bbox 937 1118 992 1170; x_wconf 87' lang='lat'><strong>5-</strong></span> <span class='ocrx_word' id='word_1_52' title='bbox 1006 1102 1060 1152; x_wconf 85' lang='lat'><strong>6.</strong></span> <span class='ocrx_word' id='word_1_53' title='bbox 1103 1099 1494 1173; x_wconf 76' lang='lat' dir='ltr'><strong>supplevimus</strong></span> <span class='ocrx_word' id='word_1_54' title='bbox 1527 1099 1671 1152; x_wconf 81' lang='lat' dir='ltr'><strong>nihil</strong></span> <span class='ocrx_word' id='word_1_55' title='bbox 1711 1086 2038 1173; x_wconf 59' lang='lat' dir='ltr'><strong>adiuvant]</strong></span> <span class='ocrx_word' id='word_1_56' title='bbox 2107 1097 2319 1151; x_wconf 84' lang='lat' dir='ltr'><strong>Aberat</strong></span> <span class='ocrx_word' id='word_1_57' title='bbox 2356 1097 2655 1155; x_wconf 78' lang='lat' dir='ltr'><strong>Antiochia</strong></span> <span class='ocrx_word' id='word_1_58' title='bbox 2691 1098 2765 1150; x_wconf 87' lang='lat' dir='ltr'><strong>ad</strong></span> <span class='ocrx_word' id='word_1_59' title='bbox 2802 1095 3074 1150; x_wconf 82' lang='lat' dir='ltr'><strong>Orontem</strong></span> 
     </span>
     <span class='ocr_line' id='line_1_8' title="bbox 567 1179 3069 1250; baseline -0.001 -16"><span class='ocrx_word' id='word_1_60' title='bbox 567 1181 587 1249; x_wconf 90' lang='lat'><strong>(</strong></span> <span class='ocrx_word' id='word_1_61' title='bbox 616 1181 757 1234; x_wconf 84' lang='lat' dir='ltr'><strong>haec</strong></span> <span class='ocrx_word' id='word_1_62' title='bbox 796 1185 944 1235; x_wconf 87' lang='lat' dir='ltr'><strong>enim</strong></span> <span class='ocrx_word' id='word_1_63' title='bbox 984 1193 1064 1234; x_wconf 80' lang='lat' dir='ltr'><strong>est</strong></span> <span class='ocrx_word' id='word_1_64' title='bbox 1100 1185 1157 1234; x_wconf 88' lang='lat' dir='ltr'><strong>in</strong></span> <span class='ocrx_word' id='word_1_65' title='bbox 1195 1184 1298 1235; x_wconf 83' lang='lat' dir='ltr'><strong>ista</strong></span> <span class='ocrx_word' id='word_1_66' title='bbox 1338 1185 1662 1236; x_wconf 81' lang='lat' dir='ltr'><strong>narratione</strong></span> <span class='ocrx_word' id='word_1_67' title='bbox 1702 1184 1822 1234; x_wconf 89' lang='lat' dir='ltr'><strong>sine</strong></span> <span class='ocrx_word' id='word_1_68' title='bbox 1848 1179 2022 1233; x_wconf 76' lang='lat' dir='ltr'><strong>dubio</strong></span> <span class='ocrx_word' id='word_1_69' title='bbox 2049 1179 2450 1250; x_wconf 76' lang='lat' dir='ltr'><strong>intelligenda)</strong></span> <span class='ocrx_word' id='word_1_70' title='bbox 2480 1179 2591 1232; x_wconf 86' lang='lat' dir='ltr'><strong>diei</strong></span> <span class='ocrx_word' id='word_1_71' title='bbox 2626 1179 2740 1231; x_wconf 76' lang='lat' dir='ltr'><strong>sere</strong></span> <span class='ocrx_word' id='word_1_72' title='bbox 2774 1181 2973 1232; x_wconf 87' lang='lat' dir='ltr'><strong>itinere</strong></span> <span class='ocrx_word' id='word_1_73' title='bbox 3007 1180 3069 1231; x_wconf 79' lang='lat' dir='ltr'><strong>li·</strong></span> 
     </span>
    </p>
   </div>
   <div class='ocr_carea' id='block_1_4' title="bbox 551 1260 3083 1421">
    <p class='ocr_par' dir='ltr' id='par_1_4' title="bbox 551 1260 3083 1421">
     <span class='ocr_line' id='line_1_9' title="bbox 551 1260 3077 1337; baseline -0 -21"><span class='ocrx_word' id='word_1_74' title='bbox 551 1269 659 1317; x_wconf 81' lang='lat' dir='ltr'><strong>&#39;tns</strong></span> <span class='ocrx_word' id='word_1_75' title='bbox 689 1261 901 1335; x_wconf 75' lang='lat' dir='ltr'><strong>Syriaci</strong></span> <span class='ocrx_word' id='word_1_76' title='bbox 940 1267 1128 1319; x_wconf 84' lang='lat' dir='ltr'><strong>maris.</strong></span> <span class='ocrx_word' id='word_1_77' title='bbox 1175 1264 1456 1331; x_wconf 80' lang='lat' dir='ltr'><strong>Quamvis.</strong></span> <span class='ocrx_word' id='word_1_78' title='bbox 1490 1269 1641 1318; x_wconf 88' lang='lat' dir='ltr'><strong>enim</strong></span> <span class='ocrx_word' id='word_1_79' title='bbox 1678 1282 1734 1337; x_wconf 90' lang='lat' dir='ltr'><strong>p.</strong></span> <span class='ocrx_word' id='word_1_80' title='bbox 1754 1277 1853 1331; x_wconf 89' lang='lat'><strong>47.</strong></span> <span class='ocrx_word' id='word_1_81' title='bbox 1877 1283 1926 1318; x_wconf 84' lang='lat' dir='ltr'><strong>v.</strong></span> <span class='ocrx_word' id='word_1_82' title='bbox 1948 1277 2002 1315; x_wconf 69' lang='lat' dir='ltr'><strong>a.</strong></span> <span class='ocrx_word' id='word_1_83' title='bbox 2027 1274 2220 1335; x_wconf 88' lang='lat' dir='ltr'><strong>portus</strong></span> <span class='ocrx_word' id='word_1_84' title='bbox 2254 1275 2609 1324; x_wconf 86' lang='lat' dir='ltr'><strong>memoretur,</strong></span> <span class='ocrx_word' id='word_1_85' title='bbox 2630 1279 2741 1332; x_wconf 84' lang='lat' dir='ltr'><strong>quo</strong></span> <span class='ocrx_word' id='word_1_86' title='bbox 2775 1260 3077 1315; x_wconf 82' lang='lat' dir='ltr'><strong>deductam</strong></span> 
     </span>
     <span class='ocr_line' id='line_1_10' title="bbox 559 1344 3083 1421; baseline -0.001 -23"><span class='ocrx_word' id='word_1_87' title='bbox 559 1349 846 1416; x_wconf 72' lang='lat' dir='ltr'><strong>.virginem</strong></span> <span class='ocrx_word' id='word_1_88' title='bbox 883 1349 1139 1421; x_wconf 84' lang='lat' dir='ltr'><strong>Lampon</strong></span> <span class='ocrx_word' id='word_1_89' title='bbox 1175 1348 1408 1401; x_wconf 79' lang='lat' dir='ltr'><strong>Ciliciae</strong></span> <span class='ocrx_word' id='word_1_90' title='bbox 1443 1347 1842 1400; x_wconf 74' lang='lat' dir='ltr'><strong>mercatoribus</strong></span> <span class='ocrx_word' id='word_1_91' title='bbox 1880 1345 2231 1406; x_wconf 78' lang='lat' dir='ltr'><strong>vendiderit,</strong></span> <span class='ocrx_word' id='word_1_92' title='bbox 2274 1344 2422 1397; x_wconf 86' lang='lat' dir='ltr'><strong>nihil</strong></span> <span class='ocrx_word' id='word_1_93' title='bbox 2476 1345 2695 1404; x_wconf 82' lang='lat' dir='ltr'><strong>obstat,</strong></span> <span class='ocrx_word' id='word_1_94' title='bbox 2740 1363 2853 1413; x_wconf 85' lang='lat' dir='ltr'><strong>quo</strong></span> <span class='ocrx_word' id='word_1_95' title='bbox 2893 1346 3083 1397; x_wconf 72' lang='lat' dir='ltr'><strong>minus</strong></span> 
     </span>
    </p>
   </div>
   <div class='ocr_carea' id='block_1_5' title="bbox 565 1425 3079 1833">
    <p class='ocr_par' dir='ltr' id='par_1_5' title="bbox 565 1425 3079 1833">
     <span class='ocr_line' id='line_1_11' title="bbox 567 1425 3069 1493; baseline -0.001 -11"><span class='ocrx_word' id='word_1_96' title='bbox 567 1432 613 1482; x_wconf 93' lang='lat' dir='ltr'><strong>is</strong></span> <span class='ocrx_word' id='word_1_97' title='bbox 661 1428 910 1483; x_wconf 90' lang='lat' dir='ltr'><strong>Orontes</strong></span> <span class='ocrx_word' id='word_1_98' title='bbox 951 1448 1073 1484; x_wconf 82' lang='lat' dir='ltr'><strong>esse</strong></span> <span class='ocrx_word' id='word_1_99' title='bbox 1110 1429 1367 1484; x_wconf 87' lang='lat' dir='ltr'><strong>credatur</strong></span> <span class='ocrx_word' id='word_1_100' title='bbox 1406 1428 1481 1483; x_wconf 89' lang='lat' dir='ltr'><strong>ad</strong></span> <span class='ocrx_word' id='word_1_101' title='bbox 1522 1429 1922 1493; x_wconf 72' lang='lat' dir='ltr'><strong>Antiochiam,</strong></span> <span class='ocrx_word' id='word_1_102' title='bbox 1965 1428 2063 1482; x_wconf 89' lang='lat' dir='ltr'><strong>ubi</strong></span> <span class='ocrx_word' id='word_1_103' title='bbox 2096 1428 2396 1481; x_wconf 77' lang='lat' dir='ltr'><strong>subvectae</strong></span> <span class='ocrx_word' id='word_1_104' title='bbox 2420 1425 2659 1480; x_wconf 82' lang='lat' dir='ltr'><strong>adverso</strong></span> <span class='ocrx_word' id='word_1_105' title='bbox 2698 1425 3069 1480; x_wconf 82' lang='lat' dir='ltr'><strong>flumine&#39;na—</strong></span> 
     </span>
     <span class='ocr_line' id='line_1_12' title="bbox 571 1509 3076 1582; baseline -0 -19"><span class='ocrx_word' id='word_1_106' title='bbox 571 1528 672 1565; x_wconf 75' lang='lat' dir='ltr'><strong>ves</strong></span> <span class='ocrx_word' id='word_1_107' title='bbox 709 1517 1013 1567; x_wconf 83' lang='lat' dir='ltr'><strong>stationem</strong></span> <span class='ocrx_word' id='word_1_108' title='bbox 1051 1512 1357 1567; x_wconf 87' lang='lat' dir='ltr'><strong>babebant.</strong></span> <span class='ocrx_word' id='word_1_109' title='bbox 1447 1511 1620 1580; x_wconf 89' lang='lat' dir='ltr'><strong>Quod</strong></span> <span class='ocrx_word' id='word_1_110' title='bbox 1656 1515 1704 1565; x_wconf 87' lang='lat' dir='ltr'><strong>si</strong></span> <span class='ocrx_word' id='word_1_111' title='bbox 1741 1513 1973 1566; x_wconf 87' lang='lat' dir='ltr'><strong>omnino</strong></span> <span class='ocrx_word' id='word_1_112' title='bbox 2014 1509 2089 1563; x_wconf 90' lang='lat' dir='ltr'><strong>ad</strong></span> <span class='ocrx_word' id='word_1_113' title='bbox 2124 1511 2321 1582; x_wconf 83' lang='lat' dir='ltr'><strong>Syrum</strong></span> <span class='ocrx_word' id='word_1_114' title='bbox 2359 1528 2521 1564; x_wconf 54' lang='lat' dir='ltr'><strong>mare&gt;</strong></span> <span class='ocrx_word' id='word_1_115' title='bbox 2552 1509 2718 1562; x_wconf 76' lang='lat' dir='ltr'><strong>fuisse</strong></span> <span class='ocrx_word' id='word_1_116' title='bbox 2750 1510 3076 1582; x_wconf 84' lang='lat' dir='ltr'><strong>pertendas,</strong></span> 
     </span>
     <span class='ocr_line' id='line_1_13' title="bbox 568 1591 3075 1675; baseline -0 -28"><span class='ocrx_word' id='word_1_117' title='bbox 568 1595 844 1665; x_wconf 83' lang='lat' dir='ltr'><strong>longioris</strong></span> <span class='ocrx_word' id='word_1_118' title='bbox 883 1599 1012 1649; x_wconf 82' lang='lat' dir='ltr'><strong>viae</strong></span> <span class='ocrx_word' id='word_1_119' title='bbox 1042 1593 1186 1649; x_wconf 66' lang='lat' dir='ltr'><strong>ratio</strong></span> <span class='ocrx_word' id='word_1_120' title='bbox 1217 1599 1349 1649; x_wconf 86' lang='lat' dir='ltr'><strong>satis</strong></span> <span class='ocrx_word' id='word_1_121' title='bbox 1388 1597 1568 1667; x_wconf 82' lang='lat' dir='ltr'><strong>gravis</strong></span> <span class='ocrx_word' id='word_1_122' title='bbox 1601 1596 1885 1667; x_wconf 86' lang='lat' dir='ltr'><strong>Lamponi</strong></span> <span class='ocrx_word' id='word_1_123' title='bbox 1924 1595 2112 1675; x_wconf 82' lang='lat' dir='ltr'><strong>potuit</strong></span> <span class='ocrx_word' id='word_1_124' title='bbox 2144 1604 2419 1658; x_wconf 75' lang='lat' dir='ltr'><strong>constare,</strong></span> <span class='ocrx_word' id='word_1_125' title='bbox 2463 1604 2520 1645; x_wconf 88' lang='lat' dir='ltr'><strong>ut</strong></span> <span class='ocrx_word' id='word_1_126' title='bbox 2549 1593 2778 1656; x_wconf 80' lang='lat' dir='ltr'><strong>scilicet,</strong></span> <span class='ocrx_word' id='word_1_127' title='bbox 2822 1591 3075 1646; x_wconf 82' lang='lat' dir='ltr'><strong>occidere</strong></span> 
     </span>
     <span class='ocr_line' id='line_1_14' title="bbox 569 1675 3072 1750; baseline -0 -21"><span class='ocrx_word' id='word_1_128' title='bbox 569 1680 772 1742; x_wconf 83' lang='lat' dir='ltr'><strong>iussus,</strong></span> <span class='ocrx_word' id='word_1_129' title='bbox 817 1676 1147 1732; x_wconf 73' lang='lat' dir='ltr'><strong>beneficium</strong></span> <span class='ocrx_word' id='word_1_130' title='bbox 1181 1682 1332 1733; x_wconf 84' lang='lat' dir='ltr'><strong>vitae</strong></span> <span class='ocrx_word' id='word_1_131' title='bbox 1363 1689 1618 1732; x_wconf 80' lang='lat' dir='ltr'><strong>servatae</strong></span> <span class='ocrx_word' id='word_1_132' title='bbox 1656 1690 1711 1731; x_wconf 89' lang='lat' dir='ltr'><strong>et</strong></span> <span class='ocrx_word' id='word_1_133' title='bbox 1749 1678 1964 1750; x_wconf 85' lang='lat' dir='ltr'><strong>accepti</strong></span> <span class='ocrx_word' id='word_1_134' title='bbox 2000 1678 2165 1748; x_wconf 87' lang='lat' dir='ltr'><strong>pretii</strong></span> <span class='ocrx_word' id='word_1_135' title='bbox 2194 1675 2407 1729; x_wconf 80' lang='lat' dir='ltr'><strong>lucrum</strong></span> <span class='ocrx_word' id='word_1_136' title='bbox 2443 1686 2603 1728; x_wconf 88' lang='lat' dir='ltr'><strong>tanto</strong></span> <span class='ocrx_word' id='word_1_137' title='bbox 2639 1675 2853 1727; x_wconf 79' lang='lat' dir='ltr'><strong>facilins</strong></span> <span class='ocrx_word' id='word_1_138' title='bbox 2890 1677 3072 1728; x_wconf 86' lang='lat' dir='ltr'><strong>immi-</strong></span> 
     </span>
     <span class='ocr_line' id='line_1_15' title="bbox 565 1759 3079 1833; baseline -0.001 -21"><span class='ocrx_word' id='word_1_139' title='bbox 565 1771 675 1813; x_wconf 87' lang='lat' dir='ltr'><strong>tem</strong></span> <span class='ocrx_word' id='word_1_140' title='bbox 721 1759 1016 1815; x_wconf 87' lang='lat' dir='ltr'><strong>dominam</strong></span> <span class='ocrx_word' id='word_1_141' title='bbox 1064 1761 1290 1816; x_wconf 75' lang='lat' dir='ltr'><strong>celaret.</strong></span> <span class='ocrx_word' id='word_1_142' title='bbox 1378 1765 1530 1833; x_wconf 81' lang='lat' dir='ltr'><strong>Ager</strong></span> <span class='ocrx_word' id='word_1_143' title='bbox 1567 1773 1751 1815; x_wconf 84' lang='lat' dir='ltr'><strong>autem</strong></span> <span class='ocrx_word' id='word_1_144' title='bbox 1799 1760 1937 1825; x_wconf 60' lang='lat' dir='ltr'><strong>hic,</strong></span> <span class='ocrx_word' id='word_1_145' title='bbox 1982 1777 2146 1813; x_wconf 84' lang='lat' dir='ltr'><strong>curae</strong></span> <span class='ocrx_word' id='word_1_146' title='bbox 2201 1759 2515 1832; x_wconf 83' lang='lat' dir='ltr'><strong>Lamponis</strong></span> <span class='ocrx_word' id='word_1_147' title='bbox 2555 1761 2914 1822; x_wconf 77' lang='lat' dir='ltr'><strong>commissus,</strong></span> <span class='ocrx_word' id='word_1_148' title='bbox 2959 1768 3079 1811; x_wconf 86' lang='lat' dir='ltr'><strong>erat</strong></span> 
     </span>
    </p>
   </div>
   <div class='ocr_carea' id='block_1_6' title="bbox 533 1830 3077 1916">
    <p class='ocr_par' dir='ltr' id='par_1_6' title="bbox 533 1830 3077 1916">
     <span class='ocr_line' id='line_1_16' title="bbox 533 1830 3077 1916; baseline -0.001 -21"><span class='ocrx_word' id='word_1_149' title='bbox 533 1830 959 1908; x_wconf 67' lang='lat' dir='ltr'><strong>‘suburbanuv</strong></span> <span class='ocrx_word' id='word_1_150' title='bbox 1004 1857 1150 1898; x_wconf 85' lang='lat' dir='ltr'><strong>certe</strong></span> <span class='ocrx_word' id='word_1_151' title='bbox 1190 1861 1306 1899; x_wconf 86' lang='lat' dir='ltr'><strong>non</strong></span> <span class='ocrx_word' id='word_1_152' title='bbox 1353 1846 1552 1916; x_wconf 88' lang='lat' dir='ltr'><strong>procul</strong></span> <span class='ocrx_word' id='word_1_153' title='bbox 1594 1844 1666 1897; x_wconf 90' lang='lat' dir='ltr'><strong>ab</strong></span> <span class='ocrx_word' id='word_1_154' title='bbox 1693 1843 2001 1897; x_wconf 71' lang='lat' dir='ltr'><strong>Antiochia</strong></span> <span class='ocrx_word' id='word_1_155' title='bbox 2042 1853 2321 1907; x_wconf 85' lang='lat' dir='ltr'><strong>remotus,</strong></span> <span class='ocrx_word' id='word_1_156' title='bbox 2365 1853 2425 1894; x_wconf 84' lang='lat' dir='ltr'><strong>ut</strong></span> <span class='ocrx_word' id='word_1_157' title='bbox 2474 1844 2650 1914; x_wconf 70' lang='lat' dir='ltr'><strong>ipsius</strong></span> <span class='ocrx_word' id='word_1_158' title='bbox 2680 1840 3077 1912; x_wconf 70' lang='lat' dir='ltr'><strong>Xenophontis</strong></span> 
     </span>
    </p>
   </div>
   <div class='ocr_carea' id='block_1_7' title="bbox 562 1922 3082 4157">
    <p class='ocr_par' dir='ltr' id='par_1_7' title="bbox 562 1922 3078 2331">
     <span class='ocr_line' id='line_1_17' title="bbox 566 1922 3077 2019; baseline -0.002 -41"><span class='ocrx_word' id='word_1_159' title='bbox 566 1923 586 1992; x_wconf 90' lang='lat'>(</span> <span class='ocrx_word' id='word_1_160' title='bbox 617 1929 705 1978; x_wconf 87' lang='lat' dir='ltr'><strong>cui</strong></span> <span class='ocrx_word' id='word_1_161' title='bbox 751 1939 1002 1999; x_wconf 82' lang='lat' dir='ltr'><strong>potestas</strong></span> <span class='ocrx_word' id='word_1_162' title='bbox 1038 1939 1156 1980; x_wconf 84' lang='lat' dir='ltr'><strong>erat</strong></span> <span class='ocrx_word' id='word_1_163' title='bbox 1195 1944 1360 1997; x_wconf 87' lang='lat' dir='ltr'><strong>quem</strong></span> <span class='ocrx_word' id='word_1_164' title='bbox 1395 1927 1623 1980; x_wconf 84' lang='lat' dir='ltr'><strong>volebat</strong></span> <span class='ocrx_word' id='word_1_165' title='bbox 1657 1929 1821 1979; x_wconf 87' lang='lat' dir='ltr'><strong>situm</strong></span> <span class='ocrx_word' id='word_1_166' title='bbox 1847 1924 2220 1996; x_wconf 84' lang='lat' dir='ltr'><strong>adsignandi)</strong></span> <span class='ocrx_word' id='word_1_167' title='bbox 2258 1925 2468 1978; x_wconf 82' lang='lat' dir='ltr'><strong>indicio</strong></span> <span class='ocrx_word' id='word_1_168' title='bbox 2503 1926 2818 1987; x_wconf 84' lang='lat' dir='ltr'><strong>innotescit,</strong></span> <span class='ocrx_word' id='word_1_169' title='bbox 2846 1922 3077 2019; x_wconf 85' lang='lat' dir='ltr'><strong>quando</strong></span> 
     </span>
     <span class='ocr_line' id='line_1_18' title="bbox 572 1995 3070 2080; baseline 0 -20"><span class='ocrx_word' id='word_1_170' title='bbox 572 2007 676 2061; x_wconf 86' lang='lat' dir='ltr'><strong>de·</strong></span> <span class='ocrx_word' id='word_1_171' title='bbox 672 2008 952 2062; x_wconf 87' lang='lat' dir='ltr'><strong>·Moeride</strong></span> <span class='ocrx_word' id='word_1_172' title='bbox 993 2010 1231 2064; x_wconf 86' lang='lat' dir='ltr'><strong>Mantus</strong></span> <span class='ocrx_word' id='word_1_173' title='bbox 1266 2012 1465 2061; x_wconf 83' lang='lat' dir='ltr'><strong>marito</strong></span> <span class='ocrx_word' id='word_1_174' title='bbox 1506 2008 1672 2063; x_wconf 81' lang='lat' dir='ltr'><strong>refert</strong></span> <span class='ocrx_word' id='word_1_175' title='bbox 1715 2026 1775 2080; x_wconf 91' lang='lat' dir='ltr'><strong>p.</strong></span> <span class='ocrx_word' id='word_1_176' title='bbox 1800 2025 1897 2079; x_wconf 83' lang='lat'><strong>45.</strong></span> <span class='ocrx_word' id='word_1_177' title='bbox 1917 2028 1969 2061; x_wconf 85' lang='lat' dir='ltr'><strong>v.</strong></span> <span class='ocrx_word' id='word_1_178' title='bbox 2002 2028 2056 2062; x_wconf 84' lang='grc' dir='ltr'><strong>ι-</strong></span> <span class='ocrx_word' id='word_1_179' title='bbox 2066 2025 2121 2061; x_wconf 82' lang='lat'><strong>2.</strong></span> <span class='ocrx_word' id='word_1_180' title='bbox 2157 1996 2389 2074; x_wconf 70' lang='grc' dir='ltr'><strong><em>συνεχὲς</em></strong></span> <span class='ocrx_word' id='word_1_181' title='bbox 2423 1995 2543 2061; x_wconf 71' lang='grc' dir='ltr'><strong>δὲ</strong></span> <span class='ocrx_word' id='word_1_182' title='bbox 2517 2024 2545 2062; x_wconf 83' lang='lat' dir='ltr'><em>o</em></span> <span class='ocrx_word' id='word_1_183' title='bbox 2573 2010 2859 2078; x_wconf 70' lang='grc' dir='ltr'><strong>Μοῖρις-</strong></span> <span class='ocrx_word' id='word_1_184' title='bbox 2889 1995 2973 2070; x_wconf 80' lang='grc' dir='ltr'><strong>εἰς</strong></span> <span class='ocrx_word' id='word_1_185' title='bbox 3005 2024 3070 2060; x_wconf 77' lang='lat' dir='ltr'><strong>re</strong></span> 
     </span>
     <span class='ocr_line' id='line_1_19' title="bbox 564 2079 3073 2164; baseline -0 -22"><span class='ocrx_word' id='word_1_186' title='bbox 564 2107 758 2160; x_wconf 75' lang='grc' dir='ltr'><strong>χωριον</strong></span> <span class='ocrx_word' id='word_1_187' title='bbox 796 2079 1116 2162; x_wconf 75' lang='grc' dir='ltr'><strong>ε’ρχὸμειος,</strong></span> <span class='ocrx_word' id='word_1_188' title='bbox 1162 2102 1219 2144; x_wconf 84' lang='lat' dir='ltr'><strong>et</strong></span> <span class='ocrx_word' id='word_1_189' title='bbox 1258 2109 1317 2164; x_wconf 91' lang='lat' dir='ltr'><strong>p.</strong></span> <span class='ocrx_word' id='word_1_190' title='bbox 1345 2104 1444 2157; x_wconf 87' lang='lat'><strong>47.</strong></span> <span class='ocrx_word' id='word_1_191' title='bbox 1470 2110 1523 2143; x_wconf 79' lang='lat' dir='ltr'><strong>v.</strong></span> <span class='ocrx_word' id='word_1_192' title='bbox 1552 2110 1570 2142; x_wconf 85' lang='grc' dir='ltr'><strong>ι</strong></span> <span class='ocrx_word' id='word_1_193' title='bbox 1586 2107 1644 2162; x_wconf 98' lang='lat'><em>5</em></span> <span class='ocrx_word' id='word_1_194' title='bbox 1707 2092 1931 2144; x_wconf 79' lang='lat' dir='ltr'><strong>Interea</strong></span> <span class='ocrx_word' id='word_1_195' title='bbox 1966 2089 2097 2144; x_wconf 88' lang='lat' dir='ltr'><strong>dum</strong></span> <span class='ocrx_word' id='word_1_196' title='bbox 2135 2094 2462 2163; x_wconf 83' lang='lat' dir='ltr'><strong>integriores</strong></span> <span class='ocrx_word' id='word_1_197' title='bbox 2498 2089 2861 2144; x_wconf 78' lang='lat' dir='ltr'><strong>membranae</strong></span> <span class='ocrx_word' id='word_1_198' title='bbox 2899 2088 3073 2143; x_wconf 86' lang='lat' dir='ltr'><strong>subsi-</strong></span> 
     </span>
     <span class='ocr_line' id='line_1_20' title="bbox 564 2171 3078 2268; baseline -0 -44"><span class='ocrx_word' id='word_1_199' title='bbox 564 2172 663 2225; x_wconf 88' lang='lat' dir='ltr'><strong>dio</strong></span> <span class='ocrx_word' id='word_1_200' title='bbox 701 2176 956 2239; x_wconf 78' lang='lat' dir='ltr'><strong>veniant,</strong></span> <span class='ocrx_word' id='word_1_201' title='bbox 995 2172 1302 2227; x_wconf 81' lang='lat' dir='ltr'><strong>videndum</strong></span> <span class='ocrx_word' id='word_1_202' title='bbox 1339 2185 1442 2238; x_wconf 88' lang='lat' dir='ltr'><strong>est,</strong></span> <span class='ocrx_word' id='word_1_203' title='bbox 1486 2191 1581 2239; x_wconf 88' lang='lat' dir='ltr'><strong>an,</strong></span> <span class='ocrx_word' id='word_1_204' title='bbox 1624 2173 2019 2245; x_wconf 82' lang='lat' dir='ltr'><strong>conglutinatis</strong></span> <span class='ocrx_word' id='word_1_205' title='bbox 2062 2175 2229 2227; x_wconf 79' lang='lat' dir='ltr'><strong>unius</strong></span> <span class='ocrx_word' id='word_1_206' title='bbox 2263 2173 2441 2238; x_wconf 81' lang='lat' dir='ltr'><strong>verbi,</strong></span> <span class='ocrx_word' id='word_1_207' title='bbox 2480 2171 2635 2268; x_wconf 87' lang='lat' dir='ltr'><strong>quod</strong></span> <span class='ocrx_word' id='word_1_208' title='bbox 2675 2174 2822 2227; x_wconf 84' lang='lat' dir='ltr'><strong>male</strong></span> <span class='ocrx_word' id='word_1_209' title='bbox 2858 2171 3078 2226; x_wconf 81' lang='lat' dir='ltr'><strong>videtur</strong></span> 
     </span>
     <span class='ocr_line' id='line_1_21' title="bbox 562 2242 3075 2353; baseline -0 -45"><span class='ocrx_word' id='word_1_210' title='bbox 562 2254 932 2351; x_wconf 85' lang='lat' dir='ltr'><strong>discerptum,</strong></span> <span class='ocrx_word' id='word_1_211' title='bbox 979 2256 1261 2323; x_wconf 86' lang='lat' dir='ltr'><strong>membris,</strong></span> <span class='ocrx_word' id='word_1_212' title='bbox 1304 2255 1522 2352; x_wconf 88' lang='lat' dir='ltr'><strong>aliquid</strong></span> <span class='ocrx_word' id='word_1_213' title='bbox 1562 2256 1636 2311; x_wconf 88' lang='lat' dir='ltr'><strong>ad</strong></span> <span class='ocrx_word' id='word_1_214' title='bbox 1677 2257 1915 2310; x_wconf 81' lang='lat' dir='ltr'><strong>salutem</strong></span> <span class='ocrx_word' id='word_1_215' title='bbox 1939 2255 2138 2353; x_wconf 75' lang='lat' dir='ltr'><strong>profici</strong></span> <span class='ocrx_word' id='word_1_216' title='bbox 2175 2261 2387 2329; x_wconf 77' lang='lat' dir='ltr'><strong>possit.</strong></span> <span class='ocrx_word' id='word_1_217' title='bbox 2434 2243 2718 2327; x_wconf 70' lang='grc' dir='ltr'><strong>παρεκάλει</strong></span> <span class='ocrx_word' id='word_1_218' title='bbox 2756 2243 2825 2322; x_wconf 71' lang='grc' dir='ltr'><strong>δη</strong></span> <span class='ocrx_word' id='word_1_219' title='bbox 2859 2272 2953 2311; x_wconf 67' lang='grc' dir='ltr'><strong>τοι</strong></span> <span class='ocrx_word' id='word_1_220' title='bbox 2993 2242 3075 2308; x_wconf 67' lang='grc' dir='ltr'><strong>ἆτ-</strong></span> 
     </span>
    </p>

    <p class='ocr_par' dir='ltr' id='par_1_8' title="bbox 563 2325 3082 2915">
     <span class='ocr_line' id='line_1_22' title="bbox 568 2325 3078 2414; baseline 0 -24"><span class='ocrx_word' id='word_1_221' title='bbox 568 2325 739 2394; x_wconf 76' lang='grc' dir='ltr'><strong>πὸλον</strong></span> <span class='ocrx_word' id='word_1_222' title='bbox 791 2356 888 2394; x_wconf 76' lang='grc' dir='ltr'><strong>τον</strong></span> <span class='ocrx_word' id='word_1_223' title='bbox 919 2328 1191 2405; x_wconf 73' lang='grc' dir='ltr'>Λάμπωνα</span> <span class='ocrx_word' id='word_1_224' title='bbox 1231 2328 1403 2395; x_wconf 56' lang='lat' dir='ltr'><strong>§metr</strong></span> <span class='ocrx_word' id='word_1_225' title='bbox 1447 2329 1615 2414; x_wconf 75' lang='grc' dir='ltr'><strong>ἇυτῷ.</strong></span> <span class='ocrx_word' id='word_1_226' title='bbox 1712 2340 1906 2409; x_wconf 78' lang='lat' dir='ltr'><strong>Quum</strong></span> <span class='ocrx_word' id='word_1_227' title='bbox 1938 2339 2122 2411; x_wconf 77' lang='lat' dir='ltr'><strong>igitur</strong></span> <span class='ocrx_word' id='word_1_228' title='bbox 2154 2338 2397 2392; x_wconf 68' lang='lat' dir='ltr'><strong>venisset</strong></span> <span class='ocrx_word' id='word_1_229' title='bbox 2434 2338 2495 2390; x_wconf 76' lang='lat' dir='ltr'><strong>in</strong></span> <span class='ocrx_word' id='word_1_230' title='bbox 2531 2355 2762 2409; x_wconf 81' lang='lat' dir='ltr'><strong>agrum,</strong></span> <span class='ocrx_word' id='word_1_231' title='bbox 2805 2336 2904 2391; x_wconf 81' lang='lat' dir='ltr'><strong>rehi</strong></span> <span class='ocrx_word' id='word_1_232' title='bbox 2944 2355 3078 2390; x_wconf 79' lang='lat' dir='ltr'><strong>cum</strong></span> 
     </span>
     <span class='ocr_line' id='line_1_23' title="bbox 570 2418 3078 2493; baseline 0 -21"><span class='ocrx_word' id='word_1_233' title='bbox 570 2422 833 2491; x_wconf 76' lang='lat' dir='ltr'><strong>caprario</strong></span> <span class='ocrx_word' id='word_1_234' title='bbox 866 2419 1090 2476; x_wconf 80' lang='lat' dir='ltr'><strong>Anthia</strong></span> <span class='ocrx_word' id='word_1_235' title='bbox 1116 2421 1470 2488; x_wconf 75' lang='lat' dir='ltr'><strong>morabatur,</strong></span> <span class='ocrx_word' id='word_1_236' title='bbox 1513 2432 1643 2478; x_wconf 77' lang='lat' dir='ltr'><strong>tum</strong></span> <span class='ocrx_word' id='word_1_237' title='bbox 1677 2440 1806 2476; x_wconf 80' lang='lat' dir='ltr'><strong>vero</strong></span> <span class='ocrx_word' id='word_1_238' title='bbox 1843 2422 2171 2493; x_wconf 77' lang='lat' dir='ltr'><strong>caprarium</strong></span> <span class='ocrx_word' id='word_1_239' title='bbox 2214 2422 2569 2493; x_wconf 84' lang='lat' dir='ltr'><strong>Lamponem</strong></span> <span class='ocrx_word' id='word_1_240' title='bbox 2605 2418 2825 2484; x_wconf 79' lang='lat' dir='ltr'><strong>orabat,</strong></span> <span class='ocrx_word' id='word_1_241' title='bbox 2871 2428 2937 2472; x_wconf 77' lang='lat' dir='ltr'><strong>ut</strong></span> <span class='ocrx_word' id='word_1_242' title='bbox 2969 2419 3078 2473; x_wconf 74' lang='lat' dir='ltr'><strong>sibi</strong></span> 
     </span>
     <span class='ocr_line' id='line_1_24' title="bbox 563 2501 3082 2586; baseline 0.001 -32"><span class='ocrx_word' id='word_1_243' title='bbox 563 2501 800 2567; x_wconf 66' lang='lat' dir='ltr'><strong>dicer-et,</strong></span> <span class='ocrx_word' id='word_1_244' title='bbox 837 2515 942 2557; x_wconf 87' lang='lat' dir='ltr'><strong>etc.</strong></span> <span class='ocrx_word' id='word_1_245' title='bbox 1029 2504 1191 2558; x_wconf 84' lang='lat' dir='ltr'><strong>Nihil</strong></span> <span class='ocrx_word' id='word_1_246' title='bbox 1229 2504 1536 2565; x_wconf 79' lang='lat' dir='ltr'><strong>admodum</strong></span> <span class='ocrx_word' id='word_1_247' title='bbox 1573 2510 1632 2561; x_wconf 88' lang='lat' dir='ltr'><strong>in</strong></span> <span class='ocrx_word' id='word_1_248' title='bbox 1667 2505 1819 2586; x_wconf 53' lang='lat' dir='ltr'><strong>l&#39;sssce</strong></span> <span class='ocrx_word' id='word_1_249' title='bbox 1858 2517 1959 2568; x_wconf 87' lang='lat' dir='ltr'><strong>est,</strong></span> <span class='ocrx_word' id='word_1_250' title='bbox 1997 2516 2262 2576; x_wconf 87' lang='lat' dir='ltr'><strong>quantum</strong></span> <span class='ocrx_word' id='word_1_251' title='bbox 2288 2502 2482 2569; x_wconf 83' lang='lat' dir='ltr'><strong>video,</strong></span> <span class='ocrx_word' id='word_1_252' title='bbox 2508 2502 2660 2575; x_wconf 86' lang='lat' dir='ltr'><strong>quod</strong></span> <span class='ocrx_word' id='word_1_253' title='bbox 2694 2504 2956 2555; x_wconf 84' lang='lat' dir='ltr'><strong>lectorem</strong></span> <span class='ocrx_word' id='word_1_254' title='bbox 2985 2505 3082 2556; x_wconf 82' lang='lat' dir='ltr'><strong>vel</strong></span> 
     </span>
     <span class='ocr_line' id='line_1_25' title="bbox 566 2574 3080 2662; baseline -0.001 -18"><span class='ocrx_word' id='word_1_255' title='bbox 566 2585 1026 2644; x_wconf 62' lang='lat' dir='ltr'><strong>adtentissimum</strong></span> <span class='ocrx_word' id='word_1_256' title='bbox 1074 2587 1350 2661; x_wconf 85' lang='lat' dir='ltr'><strong>impedire</strong></span> <span class='ocrx_word' id='word_1_257' title='bbox 1385 2602 1573 2662; x_wconf 86' lang='lat' dir='ltr'><strong>queat.</strong></span> <span class='ocrx_word' id='word_1_258' title='bbox 1659 2591 1825 2644; x_wconf 77' lang='lat' dir='ltr'><strong>Brevi</strong></span> <span class='ocrx_word' id='word_1_259' title='bbox 1869 2591 2138 2645; x_wconf 85' lang='lat' dir='ltr'><strong>orationis</strong></span> <span class='ocrx_word' id='word_1_260' title='bbox 2176 2591 2360 2661; x_wconf 76' lang='lat' dir='ltr'><strong>spatio</strong></span> <span class='ocrx_word' id='word_1_261' title='bbox 2395 2599 2479 2642; x_wconf 87' lang='lat' dir='ltr'><strong>ter</strong></span> <span class='ocrx_word' id='word_1_262' title='bbox 2512 2589 2810 2661; x_wconf 85' lang='lat' dir='ltr'><strong>repetitum</strong></span> <span class='ocrx_word' id='word_1_263' title='bbox 2845 2574 3080 2651; x_wconf 76' lang='grc' dir='ltr'><strong>ἇιπόλος·</strong></span> 
     </span>
     <span class='ocr_line' id='line_1_26' title="bbox 567 2659 3078 2753; baseline 0.001 -32"><span class='ocrx_word' id='word_1_264' title='bbox 567 2671 859 2722; x_wconf 88' lang='lat' dir='ltr'><strong>nerninem</strong></span> <span class='ocrx_word' id='word_1_265' title='bbox 897 2668 1175 2733; x_wconf 81' lang='lat' dir='ltr'><strong>offendet,</strong></span> <span class='ocrx_word' id='word_1_266' title='bbox 1224 2674 1317 2743; x_wconf 88' lang='lat' dir='ltr'><strong>qui</strong></span> <span class='ocrx_word' id='word_1_267' title='bbox 1345 2673 1516 2753; x_wconf 77' lang='lat' dir='ltr'><strong>stylo</strong></span> <span class='ocrx_word' id='word_1_268' title='bbox 1531 2676 1706 2727; x_wconf 85' lang='lat' dir='ltr'><strong>nostri</strong></span> <span class='ocrx_word' id='word_1_269' title='bbox 1744 2675 2025 2746; x_wconf 85' lang='lat' dir='ltr'><strong>scriptoris</strong></span> <span class='ocrx_word' id='word_1_270' title='bbox 2056 2673 2216 2725; x_wconf 81' lang='lat' dir='ltr'><strong>fuerit</strong></span> <span class='ocrx_word' id='word_1_271' title='bbox 2251 2671 2533 2724; x_wconf 87' lang='lat' dir='ltr'><strong>adsuetus.</strong></span> <span class='ocrx_word' id='word_1_272' title='bbox 2618 2659 2840 2744; x_wconf 81' lang='lat' dir='ltr'><strong>[Atque</strong></span> <span class='ocrx_word' id='word_1_273' title='bbox 2877 2687 3078 2742; x_wconf 82' lang='lat' dir='ltr'><strong>reapse</strong></span> 
     </span>
     <span class='ocr_line' id='line_1_27' title="bbox 569 2752 3080 2830; baseline 0.001 -27"><span class='ocrx_word' id='word_1_274' title='bbox 569 2761 651 2804; x_wconf 88' lang='lat' dir='ltr'><strong>ter</strong></span> <span class='ocrx_word' id='word_1_275' title='bbox 699 2754 775 2805; x_wconf 85' lang='lat' dir='ltr'><strong>sic</strong></span> <span class='ocrx_word' id='word_1_276' title='bbox 825 2755 1123 2825; x_wconf 84' lang='lat' dir='ltr'><strong>repetitum</strong></span> <span class='ocrx_word' id='word_1_277' title='bbox 1165 2757 1401 2808; x_wconf 79' lang='lat' dir='ltr'><strong>inveniri</strong></span> <span class='ocrx_word' id='word_1_278' title='bbox 1442 2758 1497 2809; x_wconf 85' lang='lat' dir='ltr'><strong>in</strong></span> <span class='ocrx_word' id='word_1_279' title='bbox 1539 2755 1681 2810; x_wconf 84' lang='lat' dir='ltr'><strong>Cod.</strong></span> <span class='ocrx_word' id='word_1_280' title='bbox 1718 2755 1873 2808; x_wconf 89' lang='lat' dir='ltr'><strong>Flor.</strong></span> <span class='ocrx_word' id='word_1_281' title='bbox 1911 2755 2129 2828; x_wconf 73' lang='lat' dir='ltr'><strong>patebit</strong></span> <span class='ocrx_word' id='word_1_282' title='bbox 2176 2771 2207 2807; x_wconf 88' lang='lat' dir='ltr'><strong>e</strong></span> <span class='ocrx_word' id='word_1_283' title='bbox 2255 2755 2652 2830; x_wconf 85' lang='lat' dir='ltr'><strong>supplemento</strong></span> <span class='ocrx_word' id='word_1_284' title='bbox 2682 2752 2756 2806; x_wconf 83' lang='lat' dir='ltr'><strong>de</strong></span> <span class='ocrx_word' id='word_1_285' title='bbox 2794 2771 2906 2825; x_wconf 88' lang='lat' dir='ltr'><strong>quo</strong></span> <span class='ocrx_word' id='word_1_286' title='bbox 2942 2770 3080 2806; x_wconf 87' lang='lat' dir='ltr'><strong>mox</strong></span> 
     </span>
     <span class='ocr_line' id='line_1_28' title="bbox 568 2829 3076 2935; baseline 0.001 -48"><span class='ocrx_word' id='word_1_287' title='bbox 568 2833 720 2888; x_wconf 78' lang='lat' dir='ltr'><strong>adv.</strong></span> <span class='ocrx_word' id='word_1_288' title='bbox 745 2855 808 2907; x_wconf 90' lang='lat'><strong>5·</strong></span> <span class='ocrx_word' id='word_1_289' title='bbox 790 2838 876 2890; x_wconf 90' lang='lat'><strong>·.6</strong></span> <span class='ocrx_word' id='word_1_290' title='bbox 906 2829 1396 2915; x_wconf 69' lang='lat' dir='ltr'><strong>admonebimus]</strong></span> <span class='ocrx_word' id='word_1_291' title='bbox 1443 2839 1781 2910; x_wconf 73' lang='grc' dir='ltr'><strong>Παρακαλεΐι</strong></span> <span class='ocrx_word' id='word_1_292' title='bbox 1815 2839 1983 2891; x_wconf 87' lang='lat' dir='ltr'><strong>simili</strong></span> <span class='ocrx_word' id='word_1_293' title='bbox 2016 2837 2188 2893; x_wconf 85' lang='lat' dir='ltr'><strong>modo</strong></span> <span class='ocrx_word' id='word_1_294' title='bbox 2212 2842 2440 2910; x_wconf 80' lang='lat' dir='ltr'><strong>saepius</strong></span> <span class='ocrx_word' id='word_1_295' title='bbox 2477 2848 2724 2935; x_wconf 76' lang='lat' dir='ltr'><strong>usurpat</strong></span> <span class='ocrx_word' id='word_1_296' title='bbox 2750 2852 2809 2909; x_wconf 83' lang='lat' dir='ltr'><strong>p.</strong></span> <span class='ocrx_word' id='word_1_297' title='bbox 2835 2839 2928 2890; x_wconf 81' lang='lat'><strong>26.</strong></span> <span class='ocrx_word' id='word_1_298' title='bbox 2951 2856 3009 2890; x_wconf 81' lang='lat' dir='ltr'><strong>v.</strong></span> <span class='ocrx_word' id='word_1_299' title='bbox 3022 2856 3076 2895; x_wconf 87' lang='grc' dir='ltr'><strong>ι.</strong></span> 
     </span>
    </p>

    <p class='ocr_par' dir='ltr' id='par_1_9' title="bbox 562 2919 3082 3241">
     <span class='ocr_line' id='line_1_29' title="bbox 562 2919 3081 2994; baseline 0.001 -24"><span class='ocrx_word' id='word_1_300' title='bbox 562 2935 625 2991; x_wconf 95' lang='grc' dir='ltr'><strong>Ρ.</strong></span> <span class='ocrx_word' id='word_1_301' title='bbox 657 2935 753 2984; x_wconf 84' lang='grc'><strong>47.</strong></span> <span class='ocrx_word' id='word_1_302' title='bbox 785 2930 835 2971; x_wconf 72' lang='lat' dir='ltr'><strong>v.</strong></span> <span class='ocrx_word' id='word_1_303' title='bbox 874 2937 922 2972; x_wconf 87' lang='grc' dir='ltr'><strong>ι.</strong></span> <span class='ocrx_word' id='word_1_304' title='bbox 984 2920 1210 2975; x_wconf 83' lang='lat' dir='ltr'><strong>Literae</strong></span> <span class='ocrx_word' id='word_1_305' title='bbox 1251 2939 1416 2991; x_wconf 87' lang='lat' dir='ltr'><strong>quam</strong></span> <span class='ocrx_word' id='word_1_306' title='bbox 1469 2940 1667 2994; x_wconf 83' lang='lat' dir='ltr'><strong>parurn</strong></span> <span class='ocrx_word' id='word_1_307' title='bbox 1715 2920 1955 2985; x_wconf 86' lang='lat' dir='ltr'><strong>distent,</strong></span> <span class='ocrx_word' id='word_1_308' title='bbox 2002 2926 2174 2975; x_wconf 81' lang='lat' dir='ltr'><strong>cnivis</strong></span> <span class='ocrx_word' id='word_1_309' title='bbox 2219 2932 2472 2994; x_wconf 78' lang='lat' dir='ltr'><strong>apertum</strong></span> <span class='ocrx_word' id='word_1_310' title='bbox 2517 2932 2618 2973; x_wconf 82' lang='lat' dir='ltr'><strong>est.</strong></span> <span class='ocrx_word' id='word_1_311' title='bbox 2708 2919 2849 2973; x_wconf 82' lang='lat' dir='ltr'><strong>Huic</strong></span> <span class='ocrx_word' id='word_1_312' title='bbox 2887 2928 3081 2974; x_wconf 81' lang='lat' dir='ltr'><strong>tamen</strong></span> 
     </span>
     <span class='ocr_line' id='line_1_30' title="bbox 570 2991 3082 3076; baseline 0.001 -22"><span class='ocrx_word' id='word_1_313' title='bbox 570 2999 965 3055; x_wconf 84' lang='lat' dir='ltr'><strong>emendationi</strong></span> <span class='ocrx_word' id='word_1_314' title='bbox 1002 3013 1062 3054; x_wconf 87' lang='lat' dir='ltr'><strong>ut</strong></span> <span class='ocrx_word' id='word_1_315' title='bbox 1093 3003 1351 3056; x_wconf 79' lang='lat' dir='ltr'><strong>nonnihil</strong></span> <span class='ocrx_word' id='word_1_316' title='bbox 1377 3006 1499 3074; x_wconf 79' lang='lat' dir='ltr'><strong>ipse</strong></span> <span class='ocrx_word' id='word_1_317' title='bbox 1532 3004 1810 3070; x_wconf 77' lang='lat' dir='ltr'><strong>diffidam,</strong></span> <span class='ocrx_word' id='word_1_318' title='bbox 1853 3004 1961 3057; x_wconf 78' lang='lat' dir='ltr'><strong>hoc</strong></span> <span class='ocrx_word' id='word_1_319' title='bbox 1994 3006 2202 3058; x_wconf 87' lang='lat' dir='ltr'><strong>scilicet</strong></span> <span class='ocrx_word' id='word_1_320' title='bbox 2241 3007 2460 3056; x_wconf 86' lang='lat' dir='ltr'><strong>unicum</strong></span> <span class='ocrx_word' id='word_1_321' title='bbox 2496 3002 2648 3065; x_wconf 84' lang='lat' dir='ltr'><strong>facit,</strong></span> <span class='ocrx_word' id='word_1_322' title='bbox 2685 2991 2874 3057; x_wconf 62' lang='grc' dir='ltr'>ἕλθων</span> <span class='ocrx_word' id='word_1_323' title='bbox 2909 2993 2965 3059; x_wconf 73' lang='grc' dir='ltr'><strong>εἰν</strong></span> <span class='ocrx_word' id='word_1_324' title='bbox 3000 3001 3082 3076; x_wconf 70' lang='grc' dir='ltr'><strong>τῷ</strong></span> 
     </span>
     <span class='ocr_line' id='line_1_31' title="bbox 566 3066 3080 3183; baseline 0.002 -47"><span class='ocrx_word' id='word_1_325' title='bbox 566 3071 736 3157; x_wconf 79' lang='grc' dir='ltr'><strong>ἇνρω,</strong></span> <span class='ocrx_word' id='word_1_326' title='bbox 780 3102 886 3183; x_wconf 79' lang='lat' dir='ltr'><strong>pro</strong></span> <span class='ocrx_word' id='word_1_327' title='bbox 922 3066 1004 3148; x_wconf 75' lang='grc' dir='ltr'><strong>ἕις</strong></span> <span class='ocrx_word' id='word_1_328' title='bbox 1034 3100 1128 3140; x_wconf 78' lang='grc' dir='ltr'><strong>τον</strong></span> <span class='ocrx_word' id='word_1_329' title='bbox 1167 3072 1354 3156; x_wconf 75' lang='grc' dir='ltr'><strong>ἆγρόν,</strong></span> <span class='ocrx_word' id='word_1_330' title='bbox 1401 3076 1515 3162; x_wconf 86' lang='lat' dir='ltr'><strong>[ut</strong></span> <span class='ocrx_word' id='word_1_331' title='bbox 1549 3107 1609 3156; x_wconf 86' lang='lat' dir='ltr'><strong>p.</strong></span> <span class='ocrx_word' id='word_1_332' title='bbox 1633 3101 1730 3153; x_wconf 89' lang='lat'><strong>47.</strong></span> <span class='ocrx_word' id='word_1_333' title='bbox 1748 3106 1800 3140; x_wconf 70' lang='grc' dir='ltr'><strong>ν.</strong></span> <span class='ocrx_word' id='word_1_334' title='bbox 1827 3101 1885 3151; x_wconf 90' lang='grc'><strong>4.</strong></span> <span class='ocrx_word' id='word_1_335' title='bbox 1904 3078 1940 3162; x_wconf 84' lang='grc'>]</span> <span class='ocrx_word' id='word_1_336' title='bbox 1982 3104 2255 3156; x_wconf 83' lang='lat' dir='ltr'><strong>nusquam</strong></span> <span class='ocrx_word' id='word_1_337' title='bbox 2306 3086 2441 3139; x_wconf 88' lang='lat' dir='ltr'><strong>alibi</strong></span> <span class='ocrx_word' id='word_1_338' title='bbox 2491 3088 2545 3137; x_wconf 85' lang='lat' dir='ltr'><strong>in</strong></span> <span class='ocrx_word' id='word_1_339' title='bbox 2566 3084 2984 3179; x_wconf 75' lang='lat' dir='ltr'><strong>Xenophonte,</strong></span> <span class='ocrx_word' id='word_1_340' title='bbox 3031 3093 3080 3139; x_wconf 85' lang='lat' dir='ltr'><strong>si</strong></span> 
     </span>
     <span class='ocr_line' id='line_1_32' title="bbox 564 3155 3066 3241; baseline 0.002 -20"><span class='ocrx_word' id='word_1_341' title='bbox 564 3170 839 3221; x_wconf 84' lang='lat' dir='ltr'><strong>memoria</strong></span> <span class='ocrx_word' id='word_1_342' title='bbox 873 3184 994 3220; x_wconf 88' lang='lat' dir='ltr'><strong>non</strong></span> <span class='ocrx_word' id='word_1_343' title='bbox 1032 3167 1196 3233; x_wconf 75' lang='lat' dir='ltr'><strong>fallit,</strong></span> <span class='ocrx_word' id='word_1_344' title='bbox 1240 3167 1490 3227; x_wconf 86' lang='lat' dir='ltr'><strong>obvium.</strong></span> <span class='ocrx_word' id='word_1_345' title='bbox 1568 3170 1929 3238; x_wconf 81' lang='lat' dir='ltr'><strong>Quamquam</strong></span> <span class='ocrx_word' id='word_1_346' title='bbox 1958 3169 2122 3221; x_wconf 80' lang='lat' dir='ltr'><strong>Idem</strong></span> <span class='ocrx_word' id='word_1_347' title='bbox 2167 3188 2227 3241; x_wconf 88' lang='lat' dir='ltr'><strong>p.</strong></span> <span class='ocrx_word' id='word_1_348' title='bbox 2261 3180 2352 3231; x_wconf 87' lang='grc' dir='ltr'><strong>ι8.</strong></span> <span class='ocrx_word' id='word_1_349' title='bbox 2375 3187 2432 3221; x_wconf 84' lang='lat' dir='ltr'><strong>v.</strong></span> <span class='ocrx_word' id='word_1_350' title='bbox 2457 3168 2511 3222; x_wconf 90' lang='grc'><strong>6.</strong></span> <span class='ocrx_word' id='word_1_351' title='bbox 2562 3155 2767 3222; x_wconf 78' lang='grc' dir='ltr'><strong>ε’κειντο</strong></span> <span class='ocrx_word' id='word_1_352' title='bbox 2810 3156 2891 3233; x_wconf 81' lang='grc' dir='ltr'><strong>εἰς</strong></span> <span class='ocrx_word' id='word_1_353' title='bbox 2928 3168 3066 3239; x_wconf 65' lang='grc' dir='ltr'><strong>γῆν,</strong></span> 
     </span>
    </p>

    <p class='ocr_par' dir='ltr' id='par_1_10' title="bbox 564 3238 3082 4157">
     <span class='ocr_line' id='line_1_33' title="bbox 567 3238 3078 3325; baseline 0.002 -21"><span class='ocrx_word' id='word_1_354' title='bbox 567 3267 674 3324; x_wconf 80' lang='lat' dir='ltr'><strong>pro</strong></span> <span class='ocrx_word' id='word_1_355' title='bbox 703 3238 759 3303; x_wconf 77' lang='grc' dir='ltr'><strong>ἕν</strong></span> <span class='ocrx_word' id='word_1_356' title='bbox 800 3245 890 3316; x_wconf 64' lang='grc' dir='ltr'><strong>νῇ.</strong></span> <span class='ocrx_word' id='word_1_357' title='bbox 939 3250 1392 3305; x_wconf 77' lang='lat' dir='ltr'><strong>HEMSTERH.</strong></span> <span class='ocrx_word' id='word_1_358' title='bbox 1589 3253 1742 3306; x_wconf 86' lang='lat' dir='ltr'><strong>Haec</strong></span> <span class='ocrx_word' id='word_1_359' title='bbox 1803 3262 2102 3325; x_wconf 85' lang='lat' dir='ltr'><strong>utcumque</strong></span> <span class='ocrx_word' id='word_1_360' title='bbox 2142 3253 2373 3315; x_wconf 83' lang='lat' dir='ltr'><strong>scabra,</strong></span> <span class='ocrx_word' id='word_1_361' title='bbox 2417 3250 2643 3311; x_wconf 82' lang='lat' dir='ltr'><strong>hiulca,</strong></span> <span class='ocrx_word' id='word_1_362' title='bbox 2690 3263 2744 3304; x_wconf 89' lang='lat' dir='ltr'><strong>et</strong></span> <span class='ocrx_word' id='word_1_363' title='bbox 2786 3252 3078 3319; x_wconf 85' lang='lat' dir='ltr'><strong>lacunosa,</strong></span> 
     </span>
     <span class='ocr_line' id='line_1_34' title="bbox 568 3333 3082 3407; baseline 0.003 -22"><span class='ocrx_word' id='word_1_364' title='bbox 568 3337 649 3386; x_wconf 88' lang='lat' dir='ltr'><strong>ita</strong></span> <span class='ocrx_word' id='word_1_365' title='bbox 690 3334 1040 3404; x_wconf 77' lang='lat' dir='ltr'><strong>conglutinat</strong></span> <span class='ocrx_word' id='word_1_366' title='bbox 1076 3351 1312 3387; x_wconf 87' lang='lat' dir='ltr'><strong>acumen</strong></span> <span class='ocrx_word' id='word_1_367' title='bbox 1347 3336 1449 3388; x_wconf 85' lang='lat' dir='ltr'><strong>viri</strong></span> <span class='ocrx_word' id='word_1_368' title='bbox 1496 3333 1668 3397; x_wconf 90' lang='lat' dir='ltr'><strong>docti,</strong></span> <span class='ocrx_word' id='word_1_369' title='bbox 1714 3345 1771 3386; x_wconf 90' lang='lat' dir='ltr'><strong>ut</strong></span> <span class='ocrx_word' id='word_1_370' title='bbox 1808 3351 2033 3387; x_wconf 82' lang='lat' dir='ltr'><strong>sensum</strong></span> <span class='ocrx_word' id='word_1_371' title='bbox 2076 3335 2311 3389; x_wconf 79' lang='lat' dir='ltr'><strong>fundant</strong></span> <span class='ocrx_word' id='word_1_372' title='bbox 2346 3339 2641 3407; x_wconf 85' lang='lat' dir='ltr'><strong>optimum.</strong></span> <span class='ocrx_word' id='word_1_373' title='bbox 2728 3334 2895 3387; x_wconf 84' lang='lat' dir='ltr'><strong>Plura</strong></span> <span class='ocrx_word' id='word_1_374' title='bbox 2930 3350 3082 3393; x_wconf 61' lang='lat' dir='ltr'><strong>certe</strong></span> 
     </span>
     <span class='ocr_line' id='line_1_35' title="bbox 569 3414 3081 3511; baseline 0.002 -42"><span class='ocrx_word' id='word_1_375' title='bbox 569 3416 660 3469; x_wconf 82' lang='lat' dir='ltr'><strong>hic</strong></span> <span class='ocrx_word' id='word_1_376' title='bbox 691 3414 914 3480; x_wconf 87' lang='lat' dir='ltr'><strong>deesse,</strong></span> <span class='ocrx_word' id='word_1_377' title='bbox 934 3432 1104 3486; x_wconf 86' lang='lat' dir='ltr'><strong>quam</strong></span> <span class='ocrx_word' id='word_1_378' title='bbox 1131 3434 1275 3487; x_wconf 84' lang='lat' dir='ltr'><strong>quae</strong></span> <span class='ocrx_word' id='word_1_379' title='bbox 1315 3418 1438 3470; x_wconf 84' lang='lat' dir='ltr'><strong>sine</strong></span> <span class='ocrx_word' id='word_1_380' title='bbox 1474 3419 1805 3511; x_wconf 80' lang='lat' dir='ltr'><strong>integrioris</strong></span> <span class='ocrx_word' id='word_1_381' title='bbox 1823 3417 2186 3472; x_wconf 86' lang='lat' dir='ltr'><strong>membranae</strong></span> <span class='ocrx_word' id='word_1_382' title='bbox 2221 3436 2333 3490; x_wconf 88' lang='lat' dir='ltr'><strong>ope</strong></span> <span class='ocrx_word' id='word_1_383' title='bbox 2367 3418 2617 3490; x_wconf 87' lang='lat' dir='ltr'><strong>suppleri</strong></span> <span class='ocrx_word' id='word_1_384' title='bbox 2653 3419 2890 3489; x_wconf 70' lang='lat' dir='ltr'><strong>possint,</strong></span> <span class='ocrx_word' id='word_1_385' title='bbox 2922 3419 3081 3473; x_wconf 83' lang='lat' dir='ltr'><strong>haud</strong></span> 
     </span>
     <span class='ocr_line' id='line_1_36' title="bbox 570 3484 3075 3575; baseline 0.002 -22"><span class='ocrx_word' id='word_1_386' title='bbox 570 3499 809 3553; x_wconf 86' lang='lat' dir='ltr'><strong>obscure</strong></span> <span class='ocrx_word' id='word_1_387' title='bbox 851 3499 1085 3569; x_wconf 84' lang='lat' dir='ltr'><strong>colligas</strong></span> <span class='ocrx_word' id='word_1_388' title='bbox 1120 3517 1193 3552; x_wconf 82' lang='lat' dir='ltr'><strong>ex</strong></span> <span class='ocrx_word' id='word_1_389' title='bbox 1231 3500 1363 3565; x_wconf 87' lang='lat' dir='ltr'><strong>illis,</strong></span> <span class='ocrx_word' id='word_1_390' title='bbox 1397 3484 1568 3556; x_wconf 54' lang='lat' dir='ltr'><strong>seuseu</strong></span> <span class='ocrx_word' id='word_1_391' title='bbox 1606 3487 1867 3564; x_wconf 58' lang='lat' dir='ltr'><strong>vivae-rac,</strong></span> <span class='ocrx_word' id='word_1_392' title='bbox 1895 3500 2042 3554; x_wconf 89' lang='lat' dir='ltr'><strong>unde</strong></span> <span class='ocrx_word' id='word_1_393' title='bbox 2079 3501 2316 3575; x_wconf 83' lang='lat' dir='ltr'><strong>adparet</strong></span> <span class='ocrx_word' id='word_1_394' title='bbox 2341 3499 2496 3573; x_wconf 86' lang='lat' dir='ltr'><strong>apud</strong></span> <span class='ocrx_word' id='word_1_395' title='bbox 2517 3503 2825 3573; x_wconf 83' lang='lat' dir='ltr'><strong>caprarium</strong></span> <span class='ocrx_word' id='word_1_396' title='bbox 2854 3515 3075 3557; x_wconf 86' lang='lat' dir='ltr'><strong>noctem</strong></span> 
     </span>
     <span class='ocr_line' id='line_1_37' title="bbox 565 3570 3078 3679; baseline -0.002 -44"><span class='ocrx_word' id='word_1_397' title='bbox 565 3584 920 3679; x_wconf 81' lang='lat' dir='ltr'><strong>transegisse</strong></span> <span class='ocrx_word' id='word_1_398' title='bbox 941 3582 1320 3636; x_wconf 87' lang='lat' dir='ltr'><strong>Abrocomen.</strong></span> <span class='ocrx_word' id='word_1_399' title='bbox 1387 3584 1434 3636; x_wconf 80' lang='lat' dir='ltr'><strong>E</strong></span> <span class='ocrx_word' id='word_1_400' title='bbox 1440 3570 1669 3639; x_wconf 50' lang='lat' dir='ltr'><strong>’ascen&#39;</strong></span> <span class='ocrx_word' id='word_1_401' title='bbox 1640 3601 1697 3638; x_wconf 75' lang='grc' dir='ltr'><strong>εν</strong></span> <span class='ocrx_word' id='word_1_402' title='bbox 1723 3578 1802 3656; x_wconf 72' lang='grc' dir='ltr'><strong>τῷ</strong></span> <span class='ocrx_word' id='word_1_403' title='bbox 1835 3573 1979 3655; x_wconf 66' lang='grc' dir='ltr'><strong>ἀγρῷ</strong></span> <span class='ocrx_word' id='word_1_404' title='bbox 2018 3582 2225 3637; x_wconf 87' lang='lat' dir='ltr'><strong>dictum</strong></span> <span class='ocrx_word' id='word_1_405' title='bbox 2263 3597 2429 3655; x_wconf 81' lang='lat' dir='ltr'><strong>puto.</strong></span> <span class='ocrx_word' id='word_1_406' title='bbox 2474 3595 2532 3636; x_wconf 90' lang='lat' dir='ltr'><strong>ut</strong></span> <span class='ocrx_word' id='word_1_407' title='bbox 2567 3603 2626 3657; x_wconf 91' lang='grc' dir='ltr'><strong>Ρ.</strong></span> <span class='ocrx_word' id='word_1_408' title='bbox 2651 3600 2748 3647; x_wconf 74' lang='lat'><strong>4²·</strong></span> <span class='ocrx_word' id='word_1_409' title='bbox 2770 3603 2822 3636; x_wconf 82' lang='lat' dir='ltr'><strong>v.</strong></span> <span class='ocrx_word' id='word_1_410' title='bbox 2851 3603 2944 3656; x_wconf 87' lang='lat'><strong>¹5·</strong></span> <span class='ocrx_word' id='word_1_411' title='bbox 2986 3605 3078 3647; x_wconf 68' lang='grc' dir='ltr'><strong>γε.</strong></span> 
     </span>
     <span class='ocr_line' id='line_1_38' title="bbox 564 3642 3077 3740; baseline 0.001 -20"><span class='ocrx_word' id='word_1_412' title='bbox 564 3683 687 3732; x_wconf 66' lang='lat' dir='ltr'><strong>rou.</strong></span> <span class='ocrx_word' id='word_1_413' title='bbox 674 3654 757 3732; x_wconf 74' lang='grc' dir='ltr'><strong>ἰη</strong></span> <span class='ocrx_word' id='word_1_414' title='bbox 790 3652 920 3719; x_wconf 84' lang='grc' dir='ltr'><strong>δε’</strong></span> <span class='ocrx_word' id='word_1_415' title='bbox 893 3683 949 3719; x_wconf 74' lang='grc' dir='ltr'><strong>ει</strong></span> <span class='ocrx_word' id='word_1_416' title='bbox 985 3661 1065 3739; x_wconf 73' lang='grc' dir='ltr'><strong>τῷ</strong></span> <span class='ocrx_word' id='word_1_417' title='bbox 1103 3663 1303 3739; x_wconf 80' lang='grc' dir='ltr'><strong>χωρίῳ,</strong></span> <span class='ocrx_word' id='word_1_418' title='bbox 1345 3652 1482 3722; x_wconf 63' lang='lat' dir='ltr'><strong>ersa</strong></span> <span class='ocrx_word' id='word_1_419' title='bbox 1523 3657 1551 3722; x_wconf 80' lang='grc' dir='ltr'>ὅ</span> <span class='ocrx_word' id='word_1_420' title='bbox 1584 3642 1838 3733; x_wconf 71' lang='grc' dir='ltr'><strong>Λάμπων,</strong></span> <span class='ocrx_word' id='word_1_421' title='bbox 1877 3678 1979 3720; x_wconf 91' lang='lat' dir='ltr'><strong>etc.</strong></span> <span class='ocrx_word' id='word_1_422' title='bbox 2032 3667 2219 3720; x_wconf 80' lang='lat' dir='ltr'><strong>Lucas</strong></span> <span class='ocrx_word' id='word_1_423' title='bbox 2250 3670 2306 3718; x_wconf 90' lang='lat' dir='ltr'><strong>in</strong></span> <span class='ocrx_word' id='word_1_424' title='bbox 2345 3667 2560 3738; x_wconf 82' lang='lat' dir='ltr'><strong>Evang.</strong></span> <span class='ocrx_word' id='word_1_425' title='bbox 2585 3667 2813 3720; x_wconf 83' lang='lat' dir='ltr'><strong>xxm.</strong></span> <span class='ocrx_word' id='word_1_426' title='bbox 2851 3686 2947 3733; x_wconf 76' lang='lat'><strong>4⁴2.</strong></span> <span class='ocrx_word' id='word_1_427' title='bbox 2986 3662 3077 3740; x_wconf 83' lang='lat' dir='ltr'><strong>[et</strong></span> 
     </span>
     <span class='ocr_line' id='line_1_39' title="bbox 573 3743 3071 3827; baseline 0.001 -25"><span class='ocrx_word' id='word_1_428' title='bbox 573 3747 1122 3812; x_wconf 77' lang='lat' dir='ltr'><strong>Matth.xV1.2g.</strong></span> <span class='ocrx_word' id='word_1_429' title='bbox 1172 3749 2078 3827; x_wconf 75' lang='lat' dir='ltr'><strong>Conf.Xenoph.deVenat.c..V</strong></span> <span class='ocrx_word' id='word_1_430' title='bbox 2103 3769 2143 3806; x_wconf 92' lang='lat' dir='ltr'><strong>s.</strong></span> <span class='ocrx_word' id='word_1_431' title='bbox 2169 3762 2225 3814; x_wconf 92' lang='grc'><strong>8.</strong></span> <span class='ocrx_word' id='word_1_432' title='bbox 2247 3761 2302 3803; x_wconf 86' lang='lat' dir='ltr'><strong>et</strong></span> <span class='ocrx_word' id='word_1_433' title='bbox 2339 3743 2652 3821; x_wconf 60' lang='lat' dir='ltr'><strong>ibib-rem]</strong></span> <span class='ocrx_word' id='word_1_434' title='bbox 2699 3749 3071 3806; x_wconf 77' lang='lat' dir='ltr'><strong>ABRESCH.</strong></span> 
     </span>
     <span class='ocr_line' id='line_1_40' title="bbox 572 3823 3077 3929; baseline 0.002 -46"><span class='ocrx_word' id='word_1_435' title='bbox 572 3831 828 3886; x_wconf 78' lang='lat' dir='ltr'><strong>Koem&#39;us</strong></span> <span class='ocrx_word' id='word_1_436' title='bbox 859 3829 933 3886; x_wconf 84' lang='lat' dir='ltr'><strong>ad</strong></span> <span class='ocrx_word' id='word_1_437' title='bbox 972 3831 1141 3927; x_wconf 68' lang='lat' dir='ltr'><strong>Greg.</strong></span> <span class='ocrx_word' id='word_1_438' title='bbox 1168 3832 1239 3887; x_wconf 88' lang='lat' dir='ltr'><strong>de</strong></span> <span class='ocrx_word' id='word_1_439' title='bbox 1270 3832 1425 3887; x_wconf 85' lang='lat' dir='ltr'><strong>Dial.</strong></span> <span class='ocrx_word' id='word_1_440' title='bbox 1457 3852 1517 3929; x_wconf 92' lang='grc' dir='ltr'><strong>Ρ.</strong></span> <span class='ocrx_word' id='word_1_441' title='bbox 1543 3852 1641 3903; x_wconf 87' lang='lat'><strong>77.</strong></span> <span class='ocrx_word' id='word_1_442' title='bbox 1679 3834 1826 3885; x_wconf 84' lang='lat' dir='ltr'><strong>hunc</strong></span> <span class='ocrx_word' id='word_1_443' title='bbox 1853 3831 2053 3885; x_wconf 80' lang='lat' dir='ltr'><strong>Nostri</strong></span> <span class='ocrx_word' id='word_1_444' title='bbox 2083 3833 2266 3889; x_wconf 82' lang='lat' dir='ltr'><strong>locum</strong></span> <span class='ocrx_word' id='word_1_445' title='bbox 2304 3837 2381 3887; x_wconf 89' lang='lat' dir='ltr'><strong>sic</strong></span> <span class='ocrx_word' id='word_1_446' title='bbox 2407 3835 2523 3888; x_wconf 84' lang='lat' dir='ltr'><strong>vult</strong></span> <span class='ocrx_word' id='word_1_447' title='bbox 2564 3833 2762 3886; x_wconf 86' lang='lat' dir='ltr'><strong>scribi.</strong></span> <span class='ocrx_word' id='word_1_448' title='bbox 2805 3823 3077 3889; x_wconf 59' lang='grc' dir='ltr'><strong>ἔλθω-</strong></span> 
     </span>
     <span class='ocr_line' id='line_1_41' title="bbox 578 3894 3076 4007; baseline 0.002 -41"><span class='ocrx_word' id='word_1_449' title='bbox 578 3904 863 3986; x_wconf 69' lang='grc' dir='ltr'><strong>διέτριβεν,</strong></span> <span class='ocrx_word' id='word_1_450' title='bbox 908 3902 1208 3974; x_wconf 63' lang='grc' dir='ltr'><strong>και-ἄνετα)</strong></span> <span class='ocrx_word' id='word_1_451' title='bbox 1248 3905 1314 3981; x_wconf 63' lang='grc' dir='ltr'><strong>δι’]</strong></span> <span class='ocrx_word' id='word_1_452' title='bbox 1363 3906 1504 3989; x_wconf 69' lang='grc' dir='ltr'><strong>παρὰ</strong></span> <span class='ocrx_word' id='word_1_453' title='bbox 1543 3933 1638 3971; x_wconf 75' lang='grc' dir='ltr'><strong>τοι</strong></span> <span class='ocrx_word' id='word_1_454' title='bbox 1682 3904 1909 3973; x_wconf 76' lang='grc' dir='ltr'><strong>ἆιπὲλον</strong></span> <span class='ocrx_word' id='word_1_455' title='bbox 1945 3904 2261 3983; x_wconf 66' lang='grc' dir='ltr'><strong>Λάμπωνα,</strong></span> <span class='ocrx_word' id='word_1_456' title='bbox 2307 3894 2346 3989; x_wconf 64' lang='grc' dir='ltr'>ᾧ</span> <span class='ocrx_word' id='word_1_457' title='bbox 2394 3935 2489 3989; x_wconf 64' lang='grc' dir='ltr'><strong>πρ.»</strong></span> <span class='ocrx_word' id='word_1_458' title='bbox 2497 3936 2527 3982; x_wconf 80' lang='grc' dir='ltr'><em>ς</em></span> <span class='ocrx_word' id='word_1_459' title='bbox 2566 3906 2739 3982; x_wconf 73' lang='grc' dir='ltr'><em>γάμον</em></span> <span class='ocrx_word' id='word_1_460' title='bbox 2781 3929 2882 3972; x_wconf 86' lang='lat' dir='ltr'><strong>etc.</strong></span> <span class='ocrx_word' id='word_1_461' title='bbox 2920 3918 3076 4007; x_wconf 84' lang='lat' dir='ltr'><strong>quod</strong></span> 
     </span>
     <span class='ocr_line' id='line_1_42' title="bbox 579 3986 3077 4090; baseline 0.003 -42"><span class='ocrx_word' id='word_1_462' title='bbox 579 4012 639 4048; x_wconf 79' lang='lat' dir='ltr'><strong>se</strong></span> <span class='ocrx_word' id='word_1_463' title='bbox 681 4014 883 4090; x_wconf 76' lang='lat' dir='ltr'><strong>magna</strong></span> <span class='ocrx_word' id='word_1_464' title='bbox 909 4001 1027 4052; x_wconf 83' lang='lat' dir='ltr'><strong>veri</strong></span> <span class='ocrx_word' id='word_1_465' title='bbox 1066 3999 1427 4052; x_wconf 86' lang='lat' dir='ltr'><strong>similitudine</strong></span> <span class='ocrx_word' id='word_1_466' title='bbox 1476 3998 1855 4054; x_wconf 86' lang='lat' dir='ltr'><strong>commendat.</strong></span> <span class='ocrx_word' id='word_1_467' title='bbox 1941 3998 2123 4053; x_wconf 78' lang='lat' dir='ltr'><strong>Addit</strong></span> <span class='ocrx_word' id='word_1_468' title='bbox 2158 3999 2308 4054; x_wconf 86' lang='lat' dir='ltr'><strong>idem</strong></span> <span class='ocrx_word' id='word_1_469' title='bbox 2346 4004 2428 4053; x_wconf 78' lang='lat' dir='ltr'><strong>vir</strong></span> <span class='ocrx_word' id='word_1_470' title='bbox 2461 4003 2802 4072; x_wconf 79' lang='lat' dir='ltr'><strong>ingeniosus,</strong></span> <span class='ocrx_word' id='word_1_471' title='bbox 2845 3986 3077 4056; x_wconf 79' lang='lat' dir='ltr'><strong>verbum</strong></span> 
     </span>
     <span class='ocr_line' id='line_1_43' title="bbox 585 4067 2991 4157; baseline 0.003 -26"><span class='ocrx_word' id='word_1_472' title='bbox 585 4067 897 4140; x_wconf 70' lang='grc' dir='ltr'><strong>και-ἄγομαι</strong></span> <span class='ocrx_word' id='word_1_473' title='bbox 923 4081 1223 4153; x_wconf 78' lang='lat' dir='ltr'><strong>praeclare</strong></span> <span class='ocrx_word' id='word_1_474' title='bbox 1258 4081 1520 4136; x_wconf 81' lang='lat' dir='ltr'><strong>illustrari</strong></span> <span class='ocrx_word' id='word_1_475' title='bbox 1562 4083 1634 4137; x_wconf 90' lang='lat' dir='ltr'><strong>ab</strong></span> <span class='ocrx_word' id='word_1_476' title='bbox 1676 4082 2127 4137; x_wconf 76' lang='lat' dir='ltr'><strong>Hemsterhusio.</strong></span> <span class='ocrx_word' id='word_1_477' title='bbox 2172 4086 2244 4137; x_wconf 91' lang='lat' dir='ltr'><strong>V.</strong></span> <span class='ocrx_word' id='word_1_478' title='bbox 2264 4082 2480 4137; x_wconf 80' lang='lat' dir='ltr'><strong>Adnot.</strong></span> <span class='ocrx_word' id='word_1_479' title='bbox 2510 4082 2584 4136; x_wconf 89' lang='lat' dir='ltr'><strong>ad</strong></span> <span class='ocrx_word' id='word_1_480' title='bbox 2609 4101 2669 4157; x_wconf 90' lang='grc' dir='ltr'><strong>Ρ.</strong></span> <span class='ocrx_word' id='word_1_481' title='bbox 2700 4103 2718 4136; x_wconf 94' lang='grc' dir='ltr'><strong>ι</strong></span> <span class='ocrx_word' id='word_1_482' title='bbox 2742 4103 2762 4136; x_wconf 90' lang='grc' dir='ltr'><strong>ι</strong></span> <span class='ocrx_word' id='word_1_483' title='bbox 2785 4105 2830 4137; x_wconf 92' lang='grc' dir='ltr'><strong>ι.</strong></span> <span class='ocrx_word' id='word_1_484' title='bbox 2852 4105 2908 4143; x_wconf 69' lang='grc' dir='ltr'><strong>ιτ.</strong></span> <span class='ocrx_word' id='word_1_485' title='bbox 2934 4104 2991 4154; x_wconf 89' lang='lat'><strong>7.</strong></span> 
     </span>
    </p>
   </div>
   <div class='ocr_carea' id='block_1_8' title="bbox 769 4153 3077 4242">
    <p class='ocr_par' dir='ltr' id='par_1_11' title="bbox 769 4153 3077 4242">
     <span class='ocr_line' id='line_1_44' title="bbox 769 4153 3077 4242; baseline 0.001 -22"><span class='ocrx_word' id='word_1_486' title='bbox 769 4153 838 4223; x_wconf 92' lang='lat' dir='ltr'><strong>P.</strong></span> <span class='ocrx_word' id='word_1_487' title='bbox 855 4161 958 4238; x_wconf 81' lang='lat'><strong>48.</strong></span> <span class='ocrx_word' id='word_1_488' title='bbox 984 4174 1050 4225; x_wconf 84' lang='lat' dir='ltr'><strong>V.</strong></span> <span class='ocrx_word' id='word_1_489' title='bbox 1078 4172 1160 4240; x_wconf 85' lang='grc'><strong>5-</strong></span> <span class='ocrx_word' id='word_1_490' title='bbox 1192 4155 1253 4225; x_wconf 82' lang='grc'><strong>6.</strong></span> <span class='ocrx_word' id='word_1_491' title='bbox 1288 4182 1382 4221; x_wconf 69' lang='grc' dir='ltr'><strong>τοι</strong></span> <span class='ocrx_word' id='word_1_492' title='bbox 1415 4155 1584 4224; x_wconf 54' lang='lat' dir='ltr'><strong>demi&gt;</strong></span> <span class='ocrx_word' id='word_1_493' title='bbox 1589 4184 1722 4223; x_wconf 78' lang='lat'><strong>02-</strong></span> <span class='ocrx_word' id='word_1_494' title='bbox 1743 4161 1845 4222; x_wconf 71' lang='grc' dir='ltr'><strong>τοῦ</strong></span> <span class='ocrx_word' id='word_1_495' title='bbox 1875 4155 2202 4241; x_wconf 69' lang='grc' dir='ltr'><strong>Λᾶαπαιος]</strong></span> <span class='ocrx_word' id='word_1_496' title='bbox 2251 4166 2604 4242; x_wconf 69' lang='lat' dir='ltr'><strong>Neglngtia</strong></span> <span class='ocrx_word' id='word_1_497' title='bbox 2645 4164 2866 4223; x_wconf 63' lang='lat' dir='ltr'><strong>Coc-chii</strong></span> <span class='ocrx_word' id='word_1_498' title='bbox 2899 4171 2955 4224; x_wconf 89' lang='lat' dir='ltr'><strong>in</strong></span> <span class='ocrx_word' id='word_1_499' title='bbox 2985 4165 3077 4225; x_wconf 82' lang='lat' dir='ltr'><strong>ed.</strong></span> 
     </span>
    </p>
   </div>
   <div class='ocr_carea' id='block_1_9' title="bbox 597 4358 622 4385">
    <p class='ocr_par' dir='ltr' id='par_1_12' title="bbox 597 4358 622 4385">
     <span class='ocr_line' id='line_1_45' title="bbox 597 4358 622 4385; baseline 0 0"><span class='ocrx_word' id='word_1_500' title='bbox 597 4358 622 4385; x_wconf 78' lang='lat' dir='ltr'><em>l</em></span> 
     </span>
    </p>
   </div>
   <div class='ocr_carea' id='block_1_10' title="bbox 3220 4242 3247 4251">
    <p class='ocr_par' dir='ltr' id='par_1_13' title="bbox 3220 4242 3247 4251">
     <span class='ocr_line' id='line_1_46' title="bbox 3220 4242 3247 4251; baseline 0 0"><span class='ocrx_word' id='word_1_501' title='bbox 3220 4242 3247 4251; x_wconf 68' lang='lat'><em>-</em></span> 
     </span>
    </p>
   </div>
  </div>
 </body>
</html>
