3969 5126
967 493 1092 606 286
1531 531 2619 588 ΑΒΝοΤΑτιοΝΕε
2743 535 2870 588 ιιι

966 673 1185 710 comam
1223 671 1595 748 conspexere,
1619 661 1802 710 statim
1839 659 2242 723 circumierunt,
2279 676 2330 711 ει
2366 676 2470 714 που
2508 648 2745 732 κᾷκείνην
2772 638 2936 728 ἕυρεῖν
2971 643 3302 725 δυνιισοηαι.
3348 656 3452 711 Sin

962 756 1068 811 pro
1105 726 1426 806 ἐναθῆμασι
1464 737 1762 792 subaudire
1814 740 2007 812 placet
2059 757 2361 811 spamam,
2404 758 2695 811 quaeram,
2737 739 2875 810 quid
2928 740 3036 792 hoc
3085 741 3143 790 in
3198 738 3326 793 loco
3384 743 3459 791 sit

966 820 1036 872 dc
1080 819 1283 872 iisdem
1321 817 1520 882 rebus,
1561 822 1679 872 sive
1725 822 1925 874 cadem
1959 822 2032 874 de
2066 838 2266 875 caussa
2305 831 2577 876 moestum
2626 823 2794 875 esse?
2861 824 2952 874 An
2996 821 3140 874 forte
3187 808 3282 873 ἔπι
3335 826 3453 885 τοῖς

965 891 1154 967 civ-torf
1206 905 1453 977 positum
1507 912 1591 954 est
1629 920 1756 975 pro.
1788 894 2022 971 ὅμοίως,
2055 904 2193 997 pan·
2238 905 2447 958 scilicet
2495 905 2688 970 modo,
2730 901 3210 976 quemadmodum
3240 903 3458 956 Anthia

966 1002 1138 1057 supra
1168 1005 1222 1038 v.
1248 1004 1302 1055 9.
1338 980 1849 1055 npogmsfaoeaoe-
1875 974 2100 1057 ε’δᾶκρυὲ
2138 1005 2202 1040 τι
2252 1005 2340 1041 και
2382 976 2695 1046 ἀνέστενεν.
2759 986 2850 1039 Nc
2889 989 2947 1038 in
2991 987 3249 1039 versione
3285 985 3462 1038 verba.

967 1072 1074 1120 ista
1108 1068 1288 1138 plane
1326 1066 1686 1137 negligerem,
1728 1071 1806 1121 sic
1841 1067 2069 1140 quidem
2105 1086 2226 1121 sum
2262 1072 2690 1160 interpretatus·
2737 1068 2837 1122 sed
2869 1068 3309 1139 Xenophontem
3347 1067 3456 1120 hoc

968 1148 1216 1203 voluisse
1253 1146 1534 1220 spondere
1560 1165 1675 1201 non
1701 1153 1897 1218 ausim.
1939 1139 2280 1203 Sabrinius’
2253 1168 2346 1204 em
2379 1157 2497 1216 τοῖς
2523 1141 2712 1215 aivvan·
2743 1150 2989 1205 reddidit
3022 1167 3130 1221 per
3173 1150 3229 1202 lc
3263 1149 3453 1202 mede·

916 1303 927 1324 1
968 1233 1114 1288 sime
1150 1248 1294 1293 cose,
1338 1241 1393 1284 et
1431 1227 1694 1283 Cocchius
1735 1235 1945 1327 pariter
1976 1230 2046 1285 ob
2077 1232 2218 1285 haec
2250 1233 2468 1286 eadem.

1159 1306 1227 1372 P.
1255 1321 1394 1388 113.
1411 1323 1479 1371 V.
1502 1322 1599 1374 12.
1638 1331 1701 1383 qt
1743 1304 1875 1387 μὲν]
1925 1314 2204 1368 Particuls
2236 1332 2355 1382 μεν,
2381 1331 2525 1388 quae
2561 1317 2623 1368 iu
2649 1310 2779 1368 edd.
2800 1309 3168 1379 desideratur,
3209 1313 3464 1367 restituta

973 1408 1056 1454 est
1086 1415 1118 1452 c
1148 1394 1293 1450 cod.
1326 1396 1478 1449 Flor.

1165 1471 1235 1536 Ρ.
1259 1485 1401 1552 113.
1424 1488 1490 1536 v.
1513 1485 1612 1553 13.
1647 1462 1839 1549 ἔρωτα,
1883 1465 2117 1551 δακρυα]
2161 1476 2509 1532 astruemus
2545 1477 2656 1550 legi
2687 1477 2807 1531 vult
2859 1494 2953 1532 τον
3003 1494 3197 1547 ερωτα,
3237 1462 3308 1530 rol
3367 1465 3464 1529 δαί·

970 1575 1123 1633 κρυα.
1170 1559 1452 1613 Articulos
1486 1563 1692 1631 requiri
1726 1560 1967 1615 libenter
2006 1565 2060 1615 ei
2094 1563 2481 1626 concesserim,
2521 1578 2730 1631 neque,
2778 1572 2836 1614 ut
2867 1557 3029 1613 nobis
3088 1558 3193 1612 hoc
3229 1576 3462 1634 persua·

975 1642 1135 1696 deret
1171 1660 1314 1714 opus
1352 1654 1472 1695 erat
1509 1640 1743 1695 laudare
1772 1643 2063 1697 Aristacn.
2103 1643 2202 1698 lib.
2226 1646 2272 1698 1.
2299 1661 2391 1715 ep.
2422 1662 2511 1697 ιο.
2556 1641 2668 1696 Sed
2708 1660 2796 1695 me
2836 1639 2992 1695 aliud
3007 1652 3323 1716 praeterea
3360 1640 3469 1693 hoe

972 1729 1037 1778 in
1069 1725 1197 1777 loco
1237 1721 1507 1780 offendit.
1573 1726 1770 1777 nescio
1813 1729 2078 1779 nimirum
2112 1725 2249 1796 quid
2282 1726 2391 1778 sibi
2429 1725 2564 1778 velit
2611 1742 2827 1795 spara,
2873 1734 3157 1794 tamquam
3198 1721 3468 1774 indicium

976 1822 1053 1860 ex
1080 1823 1191 1899 quo
1226 1805 1459 1858 Leucon
1493 1816 1550 1858 οι
1584 1805 1788 1860 Rhoda
1824 1808 2096 1861 Anthiam
2132 1809 2484 1879 agnoverint.
2551 1807 2755 1860 Parum
2797 1803 2988 1871 distat,
3026 1808 3074 1857 si
3111 1805 3300 1858 literas
3335 1805 3464 1875 spe·

977 1899 1112 1953 ctes,
1153 1874 1327 1959 ἔρωτα
1361 1886 1432 1940 ab
1468 1873 1581 1952 ἅμα
1620 1877 1714 1950 τοὶ,
1717 1892 1937 1981 itaque
1964 1890 2102 1942 mihi
2135 1887 2304 1941 valde
2331 1885 2675 1984 probabile
2678 1890 2858 1940 visum
2884 1898 3003 1950 est,
3025 1886 3470 1957 Xenophontem

974 1972 1258 2061 scripsisse
1296 1958 1490 2034 πάντα,
1533 1969 1622 2021 vel
1660 1957 1821 2025 πάνθ’
1843 1959 1976 2037 ἅμα,
2019 1959 2089 2025 τὰ
2128 1962 2348 2040 δακρυοι,
2390 1961 2462 2024 τὰ
2500 1957 2848 2036 ἇναθηματα,
2892 1981 2993 2022 etc.
3080 1969 3257 2021 Plane
3295 1970 3472 2020 simili

978 2050 1153 2105 modo
1187 2037 1299 2115 α’μοι
1335 2045 1449 2104 iam
1485 2053 1719 2104 occurrit
1758 2071 1818 2146 Ρ.
1854 2063 2194 2147 18.v.t5.et
2224 2071 2298 2146 Ρ.
2299 2055 2400 2106 6ο.
2425 2072 2477 2105 v.
2509 2071 2600 2105 ιο.
2643 2052 2734 2105 Sic
2767 2056 2827 2104 in
2857 2051 3118 2122 Longino
3147 2051 3286 2103 Sect.
3297 2052 3466 2104 vlu..

977 2129 1034 2203 §.
1058 2136 1115 2187 6.
1145 2120 1307 2187 πάνθ’
1328 2117 1459 2198 ἅμα,
1495 2121 1736 2204 οὖρανος,
1779 2123 1932 2209 38215,
1973 2124 2045 2190 τὰ
2093 2122 2295 2205 θηται,
2333 2123 2404 2190 τὰ
2442 2123 2708 2191 ἆθοινατα.
2792 2133 2994 2206 Neque
3030 2133 3265 2187 multum
3306 2132 3470 2187 abest

980 2213 1198 2270 Achill.
1235 2214 1362 2268 Tae.
1387 2215 1486 2269 lib.
1505 2215 1553 2271 1.
1575 2233 1623 2269 c.
1643 2231 1699 2282 4.
1728 2234 1787 2290 Ρ.
1809 2237 1915 2289 30.

1174 2373 1242 2439 Ρ.
1270 2390 1408 2458 114.
1430 2342 1497 2438 V.
1526 2389 1581 2438 1.
1615 2363 1881 2453 hmo-er]
1923 2380 2184 2455 Supple,
2227 2399 2300 2435 ex
2335 2384 2570 2455 praevio
2611 2398 2786 2448 qcoer,
2827 2366 3103 2445 ἔσεσθαι,
3143 2390 3206 2432 ut
3231 2365 3477 2433 ἕνδυσειν

986 2483 1084 2561 ap.
1109 2463 1306 2518 Nostri
1337 2466 1727 2555 cognominem
1764 2466 1824 2516 in
1858 2465 2071 2535 Cyrop.
2106 2465 2206 2519 lib.
2229 2465 2275 2517 1.
2301 2457 2384 2535 [c.
2408 2479 2464 2530 4.
2488 2482 2531 2518 s.
2564 2474 2655 2526 18·
2659 2455 2693 2539 ]
2718 2482 2777 2536 Ρ.
2813 2483 2900 2516 ιι.
2900 2458 3129 2533 πρῶτον
3159 2453 3285 2518 τὸτε
3320 2445 3478 2515 0⁷5>oe

984 2535 1163 2613 ἕνδῦς,
1186 2530 1385 2602 odo-ore
1420 2532 1681 2610 ὂιὸμενος.
1679 2545 2084 2640 „ABRESCQ
2206 2546 2534 2639 Fquidem
2570 2549 2630 2600 in
2672 2550 2777 2600 isto
2817 2547 3056 2600 senioris
3081 2543 3480 2616 Xenophontis

984 2631 1115 2685 loco
1150 2631 1379 2699 legerim
1415 2631 1603 2700 potius
1645 2645 1707 2682 ov
1742 2646 1875 2685 ποτε
1910 2618 2163 2694 ἷωμενσς,
2203 2646 2353 2694 οπως·
2396 2617 2685 2693 ἐπεθύμει,
2726 2618 2915 2692 ἇυτοῒς
2962 2616 3388 2701 ἐξοπλίσασθαι.

1176 2703 1245 2768 Ρ.
1272 2719 1410 2786 114.
1430 2720 1492 2766 v.
1513 2699 1574 2767 6.
1613 2697 1898 2781 ἔξεπλᾶγη
1948 2707 2052 2767 τοῦ
2102 2702 2326 2783 λόγου]
2375 2712 2580 2765 Similis
2618 2724 2701 2764 est
2747 2723 3013 2764 structura
3063 2729 3187 2763 οιιιιι
3222 2707 3475 2763 secundo

987 2808 1140 2857 casu,
1162 2796 1383 2845 tametsi
1419 2789 1639 2845 diversa
1671 2809 1848 2857 mens,
1888 2792 2046 2866 apud
2076 2792 2284 2870 Eur-ip.
2302 2798 2361 2846 in
2395 2794 2594 2848 Oreste
2621 2804 2766 2866 548.
2799 2811 2826 2848 o
2862 2782 2920 2859 μ’
2941 2778 3244 2859 ε’κπλησσει
3277 2779 3478 2851 λὸνου.

987 2874 1087 2928 Ad
1128 2872 1328 2927 Nostri
1376 2883 1620 2926 mentem
1654 2875 1712 2926 in
1759 2873 2058 2928 Char-itone
2088 2876 2189 2930 lib.
2197 2879 2298 2929 VI.
2317 2894 2362 2929 c.
2381 2896 2437 2948 5.
2458 2896 2518 2950 Ρ.
2547 2893 2679 2942 140.
2705 2878 2904 2963 legitur
2932 2864 3248 2949 Καλλιρῥόη
3289 2862 3409 2928 δε’
3382 2891 3482 2930 ευ·

988 2946 1101 3025 θῦς
1139 2974 1239 3022 την
1278 2947 1489 3027 καρδίαν
1522 2943 1766 3024 ἕπληγη,
1809 2975 1988 3050 oga-sp
2018 2945 2120 3012 bno*
2163 2953 2376 3031 ξίφους,
2417 2958 2519 3016 τοῦ
2559 2950 2754 3020 λόνου.
2805 3012 2814 3021 ,

1181 3032 1251 3101 Ρ.
1278 3049 1451 3117 114.
1437 3048 1501 3096 V.
1528 3047 1650 3095 10-
1669 3047 1768 3113 15.
1799 3036 1890 3094 και
1923 3040 1969 3094 Α
1970 3028 2262 3111 ,Βροκόμου
2285 3069 2358 3084 -
2383 3071 2565 3084 --
2592 3039 2694 3110 τῆς
2728 3044 2777 3097 Α
2779 3031 2951 3105 ἰδίας
2986 3026 3223 3113 ευρεσιι]
3269 3040 3478 3111 Ingen-

988 3133 1104 3176 tem
1140 3121 1285 3176 hauc
1317 3112 1720 3194 quinquaginta
1753 3126 1999 3195 quinque
2031 3124 2432 3179 vocabulorum
2471 3129 2529 3179 in
2556 3125 2684 3179 edd.
2710 3128 3039 3179 omissorum
3075 3124 3359 3184 lacunam,
3403 3140 3481 3176 ex
3505 3114 3520 3129 ’

992 3202 1316 3259 earumdem
1347 3222 1546 3257 vocum
1578 3209 1913 3277 repetitione
1947 3217 2149 3272 ortam,
2171 3208 2517 3280 explevimus
2549 3227 2581 3262 e
2618 3209 2760 3263 Cod.
2782 3209 2828 3261 F
2831 3207 2934 3261 lor.
2979 3206 3062 3259 D'
3071 3203 3361 3269 Orvillius,
3383 3207 3482 3276 qui

980 3286 1070 3343 aad
1119 3285 1477 3340 Charitoncm
1525 3287 1690 3360 plura
1741 3288 2135 3361 supplementa
2187 3302 2242 3343 et
2279 3292 2477 3345 multas
2503 3344 2504 3353 ,
2531 3293 2785 3346 meliores
2839 3291 3114 3343 lectiones
3151 3306 3184 3341 e
3224 3291 3481 3359 margine

994 3370 1334 3442 exemplaris
1370 3369 1518 3422 illius
1557 3367 1873 3436 coco-hiant,
1902 3370 2060 3441 quod
2088 3372 2176 3425 illi
2208 3371 2284 3425 ad
2318 3392 2544 3428 manum
2581 3375 2705 3439 fuit,
2735 3373 3108 3437 indicaverat,
3138 3382 3326 3424 tamen
3362 3388 3482 3424 non

992 3469 1180 3525 pauca
1215 3450 1285 3504 de
1320 3450 1592 3506 industria
1625 3456 1950 3526 suppressit,
1994 3464 2163 3523 atque
2203 3459 2372 3508 etiam
2407 3456 2479 3510 de
2519 3456 2624 3510 hoc
2656 3458 2783 3510 loco
2822 3456 2966 3508 nihil
3001 3457 3482 3509 commemoravit.

996 3536 1150 3587 cuius
1188 3533 1571 3587 occultationis
1623 3553 1820 3588 caussa
1860 3554 1980 3589 esse
2017 3535 2274 3601 videtur,
2316 3537 2469 3608 quod
2522 3542 2642 3612 ipse
2702 3536 3135 3615 Xenophontem
3153 3534 3484 3633 ‘Ephesium

996 3614 1356 3669 emendatum
1393 3627 1559 3685 atque
1607 3617 1940 3672 illustratum
1977 3617 2147 3672 edere
2180 3621 2369 3692 (quod
2405 3624 2618 3675 utinam
2660 3621 2952 3686 fecisset!)
2987 3624 3045 3673 in
3078 3620 3268 3671 animo
3306 3616 3484 3670 habe·

998 3697 1114 3751 bat.
1157 3699 1227 3750 lu
1261 3696 1353 3753 ed.
1369 3697 1556 3751 Lond.
1578 3711 1633 3753 et
1665 3701 1799 3755 Luc.
1826 3704 2150 3756 asterisciv.
2181 3721 2268 3756 ιο.
2308 3714 2440 3775 post
2472 3722 2670 3776 ευρεσιι
2704 3703 2954 3777 adpositi
2988 3700 3222 3756 delicere
3261 3696 3482 3769 aliquid

997 3778 1269 3833 indicant.
1354 3781 1862 3871 perspicacissimus
1903 3784 2046 3838 alias
2081 3784 2545 3838 Hemsterlmsiue
2595 3804 2775 3859 pauca
2826 3787 2916 3839 hic
2951 3784 3145 3840 deesse
3183 3782 3482 3835 arbitratus

1002 3873 1107 3926 est,
1151 3880 1322 3932 quare
1359 3874 1491 3937 post
1545 3882 1747 3935 ευρεσιν
1797 3872 2109 3920 orationem
2144 3872 2221 3921 sic
2274 3886 2395 3923 esse
2438 3866 2876 3923 continuandam
2918 3864 3307 3925 existimabat,
3353 3852 3379 3917 ὖ
3418 3851 3479 3916 δε

1003 3932 1344 4015 Αβροκόμης
1377 3937 1465 4000 διὰ
1500 3938 1676 4014 μέσης
1712 3959 1814 4002 etc.
1889 3950 2068 4003 Plane
2107 3949 2217 4004 hoc
2253 3950 2447 4015 modo,
2492 3954 2782 4023 expunctis
2819 3955 2987 4005 etiam
3024 3948 3287 4003 audacter
3332 3957 3486 3998 aste-

1003 4027 1178 4091 riscis,
1221 4028 1423 4083 excudi
1465 4033 1674 4085 curavit
1699 4031 1949 4089 Vindob.
1978 4032 2179 4100 editor,
2223 4052 2390 4106 quem
2441 4047 2631 4089 tamen
2665 4052 2737 4090 ne
2791 4051 2997 4091 nomen
3031 4029 3261 4106 quidem
3304 4028 3484 4082 Hem-
