3969 5126
921 521 1041 590 108
1331 500 2309 575 xtuornoN‘ris
2432 513 2988 569 transm

921 636 1194 746 κρῦσας,
1231 634 1571 738 ἀναχθεὶς
1615 628 1840 729 πάλιν,
1894 644 2010 712 καὶ
2051 628 2304 739 Κρήτην
2331 628 2724 736 παρελθὼν,
2758 631 2820 708 ἐν
2857 628 3100 737 Κύπρῳ
3131 628 3417 739 γενόμε·

922 796 1025 852 νος
1044 824 1066 859 ,
1121 756 1361 865 ὴμέρας
1423 755 1775 863 διατρίψας
1827 752 2071 865 ὀλίγας
2091 816 2116 854 ,
2170 766 2284 836 καὶ
2324 752 2683 864 ἐυξοὶμενος
2734 750 2815 860 τῇ
2846 765 3093 864 πατρίῳ
3124 760 3423 863 Κυπρίων
3521 844 3532 849 ,
3673 824 3682 833 .

923 886 1075 991 θεῷ
1087 947 1111 984 ,
1162 881 1447 991 ἀνήγετο
1466 942 1491 979 ,
1543 892 1657 962 καὶ
1696 874 1840 977 ἧκεν
1878 879 1965 969 ἔις
1994 875 2260 961 Ῥόδονε
2335 878 2644 962 ἐνταῦθα
2680 886 2952 978 πλησίον
2989 875 3114 962 τοῦ
3153 875 3422 982 λιμένος
3581 888 3592 899 ’

920 1010 1315 1113 ἔιςῳκίσατο.
1396 1015 1511 1087 καὶ
1546 1002 1668 1102 ἤδη
1690 996 1775 1083 ’τε
1817 997 2036 1111 ἔγγὺς
2079 1001 2335 1111 ἕγΙνετο
2374 999 2723 1109 Ε’φὲσου,
2777 1016 2892 1085 καὶ
2922 1000 3178 1084 πᾶντων
3222 995 3424 1083 ἆυτὸν

843 1161 879 1216 ⁵
929 1131 1132 1216 ἔννοια
1174 1166 1302 1211 των
1337 1127 1625 1210 δεινῶν’
1598 1123 1930 1234 ειςήρχετο
1949 1186 1973 1223 ,
2024 1130 2138 1221 τῆς
2187 1125 2531 1233 πατρίδος,
2583 1158 2710 1207 των
2746 1125 3076 1233 πατέρων,
3127 1132 3243 1222 τῆς
3279 1127 3360 1206 A
3361 1162 3422 1206 v·
3463 1148 3551 1218 80

916 1263 1128 1354 stac,
1181 1288 1310 1337 των
1338 1247 1644 1338 &menum
1696 1264 1810 1332 noc)
1845 1244 2342 1358 ἀναστενάξας,
2396 1250 2580 1355 φευ,
2635 1241 2815 1356 ἔφη,
2867 1280 2993 1330 των
3025 1249 3281 1329 κακωνέ
3338 1247 3425 1337 ἔις

910 1373 1219 1489 Ἔφεσον
1255 1384 1485 1490 ἵξομαι
1516 1372 1735 1478 μόνος,
1787 1384 1901 1455 καὶ
1943 1373 2271 1480 twedam
2313 1369 2726 1479 ὀφθήσομαι
2764 1384 2901 1465 τοῖς
2937 1369 3244 1476 ἐμαυτου
3277 1404 3421 1474 χω-

923 1514 1018 1610 ρὶς
1048 1502 1328 1588 Α’νθίας
1349 1562 1373 1599 ,
1425 1513 1539 1581 καὶ
1584 1494 1968 1602 πλεύσομαι
2009 1497 2285 1577 πλοῦν“
2259 1534 2295 1576 ο
2325 1493 2655 1600 δυςτυχῆς
2696 1495 2918 1591 κενὸν,
2970 1504 3083 1574 καὶ
3117 1489 3424 1601 διηγήσο·

923 1659 1052 1728 μαι
1091 1622 1477 1734 διηγήματα
1505 1632 1662 1714 ἴσως
1705 1652 1989 1719 απιστα,
2039 1620 2324 1701 κοινωνὸν
2362 1655 2444 1700 ων
2477 1616 2786 1702 πέπονθα
2823 1618 2942 1698 οὐκ
2979 1651 3176 1721 εχων.
3227 1615 3426 1701 ἀλλὰ

814 1786 834 1824 ι
850 1784 886 1823 ο
939 1745 1354 1857 καρτέρησον,
1392 1748 1463 1829 A
1471 1742 1803 1855 βροκομη,
1842 1755 1956 1823 καὶ
1990 1739 2340 1849 γενόμενος
2380 1744 2443 1826 ἐν
2477 1742 2554 1822 E'
2557 1739 2779 1849 φέσῳ,
2813 1745 3136 1823 τοσοῦτον
3155 1742 3423 1847 ἕπιβίω-

924 1903 1041 1952 σον
1071 1868 1303 1977 χρόνον
1320 1933 1342 1968 ,
1394 1869 1623 1977 τάφον
1665 1866 1919 1977 ἔγειρον
1951 1866 2197 1975 Α’νθίᾳ
2212 1931 2236 1968 ,
2287 1880 2403 1949 καὶ
2439 1863 2845 1975 θρήνησον
2799 1900 2999 1961 αυτην
3016 1928 3039 1965 ,
3094 1877 3210 1946 καὶ
3246 1902 3426 1969 χοας

925 1989 1303 2100 ἕπὲνεγκαι,
1337 2004 1453 2074 καὶ
1488 1988 1736 2073 σαυτὸν
1772 1982 1885 2088 ἤδη
1911 1989 2052 2097 παρ’
2078 1989 2275 2090 αυτὴν
2307 1988 2472 2100 σ’ἶγε.
2524 1992 2750 2074 ταῦτα
2789 1988 3027 2098 ἔλεγε,
3054 2003 3167 2071 κα)
3194 1988 3427 2098 περιῄει

926 2112 1038 2213 τὴν
1074 2112 1267 2196 πόλιν
1302 2112 1565 2212 ἀλύων,
1614 2113 1853 2221 ἀπορία
1888 2106 2014 2215 μὲν
2046 2115 2133 2223 τῇ
2186 2110 2368 2196 κατὰ
2405 2111 2519 2212 τὴν
2554 2114 2869 2213 Α’νθίαν,
2905 2113 3161 2220 ’ἀπορίᾳ
3185 2110 3258 2193 δὲ
3295 2108 3428 2192 τὸν

931 2238 1312 2335 ἐπιτηδείων.
1368 2235 1403 2316 ὃ
1437 2232 1509 2318 δὲ
1534 2232 1799 2318 Λεύκων
1838 2236 1901 2318 ἓν
1940 2234 2158 2340 τούτῳ
2194 2251 2307 2316 καὶ
2340 2235 2594 2335 ἣῬόδη
2635 2237 3081 2344 διατρίβοντες
3120 2235 3188 2317 ἓν
3220 2232 3436 2341 Ῥόδῳ·

818 2391 884 2446 ¹5
928 2356 1260 2463 ἆνοῖθὴμα
1300 2358 1827 2444 ἆνατεθείκεσαν
1876 2360 1942 2440 ἓν
1994 2358 2088 2464 τῷ
2144 2358 2267 2440 τοῦ
2313 2363 2552 2443 Η’λιόυ
2605 2361 2745 2469 ἱερῷ
2776 2358 2963 2467 ’παρὰ
3019 2357 3134 2456 τὴν
3176 2359 3427 2465 χρυσῆν

927 2562 1151 2637 iterum
1192 2563 1422 2657 solvit,
1490 2582 1553 2640 et
1595 2583 1917 2658 postquam
1957 2573 2206 2638 Cretam
2246 2580 2705 2658 praetervectus
2744 2581 2942 2653 esset,
3001 2574 3281 2663 cyprum
3320 2571 3423 2641 ad-

926 2671 1149 2743 venit·
1236 2671 1354 2744 ubi
1394 2671 1526 2743 dies
1566 2672 1803 2763 aliquot
1845 2687 2250 2744 commoratus
2290 2689 2422 2760 est,
2480 2686 2544 2742 et
2582 2671 2817 2761 patriae
2858 2671 3231 2766 Cypriorum
3274 2675 3427 2742 deae

928 2797 1145 2868 preces
1205 2775 1526 2846 adhibuit:
1610 2775 1755 2846 inde
1796 2780 2135 2865 devectus,
2195 2778 2489 2847 Rhodum
2529 2776 2854 2868 pervenit,
2915 2799 2988 2846 ac
3045 2798 3244 2864 prope
3283 2798 3430 2869 por-

927 2897 1058 2952 tum
1098 2880 1384 2951 devertit.
1509 2886 1643 2951 Iam
1683 2903 1840 2952 vero
1856 2933 1877 2969 ‚
1921 2904 2110 2972 quum
2152 2880 2222 2950 in
2259 2880 2495 2951 vicinia
2535 2880 2763 2970 Ephesi
2804 2895 2960 2952 esset
2977 2931 2999 2967 ‚
3062 2877 3253 2950 subiit
3297 2878 3424 2952 ani·

926 3007 1094 3055 mum
1158 2980 1454 3076 cogitatio
1511 3004 1716 3053 rerum
1779 2985 2092 3072 omniumN
2111 2983 2428 3071 tristium,
2490 2986 2784 3073 patriae,
2846 2999 3222 3074 parentum,
3288 2989 3429 3055 An·

927 3088 1093 3161 thiae
1111 3141 1134 3177 ,
1190 3086 1628 3174 familiarium3
1692 3104 1755 3160 et
1793 3088 2200 3179 ingemiscens
2221 3141 2242 3175 ,
2302 3091 2425 3160 heu
2444 3141 2464 3176 ‚
2534 3087 2736 3178 inquit
2754 3140 2776 3175 ‚
2847 3087 3254 3160 calamitates!
3332 3113 3429 3160 so·

927 3198 1023 3264 lus
1063 3192 1374 3283 Ephesum
1414 3196 1738 3279 revertar}
1784 3191 1865 3263 in·
1888 3207 2213 3281 parentum
2256 3216 2534 3264 meorum
2577 3207 2972 3280 conspectum
3011 3192 3256 3286 veniam
3295 3191 3429 3264 sine

802 3364 821 3391 ,
928 3295 1162 3367 Anthia
1176 3349 1199 3385 ,
1243 3313 1329 3385 et,
1369 3297 1576 3383 miser,
1622 3294 1828 3367 inutili
1869 3301 2150 3366 confecto
2198 3319 2377 3367 eursu
2394 3347 2416 3383 ,
2463 3320 2635 3367 casus
2676 3319 2844 3367 meos
2884 3299 3147 3370 natr'abo
3165 3347 3187 3384 ,
3230 3297 3426 3366 incre·

930 3398 1155 3470 dibiles
1193 3400 1449 3474 fortasse
1470 3455 1491 3490 ,
1539 3400 1772 3493 quippe
1827 3396 1936 3490 qui
1992 3398 2160 3478 socio
2220 3421 2431 3470 eorum
2472 3421 2631 3490 quae
2683 3393 2894 3490 passus
2934 3425 3065 3472 sum
3083 3453 3104 3489 ‚
3168 3421 3425 3473 caream.

931 3505 1054 3573 Sed
1109 3505 1376 3590 perdura
1398 3557 1420 3592 ,
1485 3495 1935 3591 Habrocome,'
1990 3528 2062 3575 ae
2124 3503 2237 3574 ubi
2296 3505 2604 3593 Ephesum
2677 3506 3004 3576 adveneris
3025 3558 3046 3592 ,
3124 3505 3427 3576 tantillum

933 3607 1120 3675 modo
1160 3608 1497 3694 supervive
1518 3661 1540 3696 ,
1601 3608 1869 3680 Anthiae
1908 3614 2203 3680 tumulum
2246 3608 2450 3679 excita
2468 3660 2491 3697 ,
2557 3607 2725 3680 illam
2769 3612 2925 3680 defle
2943 3662 2965 3697 ,
3028 3608 3211 3698 eique
3266 3607 3427 3678 infe-

798 3781 805 3786 ,
930 3708 1053 3780 rias
1112 3711 1288 3780 adfer
1312 3761 1334 3798 ,
1394 3719 1522 3780 tum
1579 3725 1767 3783 temet
1823 3717 1901 3784 ad
1955 3712 2150 3802 ipsam
2192 3711 2391 3803 adige.
2519 3712 2644 3783 His
2684 3711 2868 3783 dictis
2915 3715 3133 3782 urbem
3189 3709 3425 3800 inquie-

930 3827 1000 3884 to
1043 3812 1247 3884 animo
1313 3832 1689 3904 pervagatur
1715 3867 1735 3902 ‚
1796 3816 2030 3887 Anthia
2086 3818 2333 3886 orbatus
2352 3868 2373 3902 ‚
2441 3830 2502 3886 et
2541 3815 2714 3887 victu
2757 3837 2961 3907 egens.
3083 3822 3203 3888 Per
3262 3816 3428 3887 idem

935 3932 1174 4008 tempus
1236 3921 1497 3991 Leucon
1563 3931 1626 3989 et
1681 3920 1908 4006 Rhoda
1933 3971 1954 4005 ‚
2001 3918 2110 4009 qui
2149 3919 2365 3989 Rhodi
2408 3921 2805 3991 morabantur
2825 3970 2847 4007 ‚
2910 3919 2979 3989 in
3031 3927 3260 4010 templo
3314 3922 3422 3993 So·

932 4019 1011 4093 lis
1064 4022 1241 4094 iuxta
1299 4047 1544 4126 auream
1602 4045 1857 4114 gravem
1914 4039 2275 4095 maturam
2317 4025 2398 4094 ab
2440 4022 2672 4097 Anthia
2712 4039 2774 4100 et
2813 4026 3214 4097 Habroeome
3255 4024 3421 4097 dedi·
