3969 5126
1048 601 1170 673 152
1612 590 2699 648 ΑΒΝοΤΑΤιοΝΕε
2821 590 2951 648 ιιι

1043 721 1415 812 reperiuntur,
1441 734 1558 771 non
1584 719 1836 782 Auctori‚
1861 715 1962 772 sed
1995 715 2235 770 librariis
2267 714 2636 769 adscribenda
2661 731 2884 769 censeo.
2947 717 3017 768 In
3052 732 3210 770 versu
3240 710 3595 789 [oraculi]

1048 820 1102 858 2.
1130 790 1293 866 λυσις
1331 786 1491 857 ἔνθεν
1533 789 1732 866 dria-vl
1766 801 1997 853 omnino
2037 811 2328 893 corrupta3
2376 800 2506 854 licet
2539 816 2797 864 sensum,
2840 816 3007 869 quem
3042 799 3196 852 loeus
3235 803 3525 874 postulat,

1044 884 1277 957 adsequi
1304 902 1416 938 nou
1443 885 1513 936 sit
1532 881 1776 936 difficile.
1826 877 2029 955 [Forte
2066 870 2288 948 ἇνυστῆ.
2332 876 2544 953 ABR.]
2591 883 2772 935 Versu
2803 902 2860 954 5.
2883 868 3269 948 μοχᾶἧσουσι,
3314 895 3374 937 ιιι
3409 902 3523 937 non

1040 970 1218 1043 plane
1250 966 1594 1039 adsperner,
1634 965 1790 1020 haud
1826 978 2017 1019 tamen
2055 968 2216 1018 nimis
2252 965 2452 1038 probo.
2518 960 2798 1036 [Verbum
2845 975 2927 1018 est
2960 966 3214 1036 tragicis,
3258 977 3426 1037 atque
3464 969 3527 1019 ἰιι

1084 1055 1238 1104 rimis
1269 1048 1544 1120 Euripidi
1578 1048 2004 1120 frequentatum.
2051 1049 2126 1107 V.
2151 1047 2422 1101 Abreselz.
2444 1046 2521 1100 ad
2540 1045 2806 1118 Aesclgrl.
2832 1046 3003 1101 Pan-1
3021 1066 3082 1121 p.
3068 1061 3188 1112 ,44.
3234 1047 3357 1104 Hoc
3391 1049 3524 1102 loco

1039 1071 1213 1200 ξεσμᾶ
1247 1130 1487 1199 μοχθεῖν
1520 1136 1660 1186 verti
1694 1135 1903 1205 poterit
1932 1131 2159 1183 vincula
2183 1125 2454 1204 perpeti]
2502 1132 2715 1195 Maior,
2764 1142 2822 1183 ut
2855 1128 3095 1196 videtur,
3127 1130 3288 1184 labes
3319 1129 3525 1184 insedit

1039 1235 1093 1270 v.
1116 1234 1167 1282 7.
1188 1226 1320 1276 ets.
1341 1219 1401 1267 in
1430 1215 1651 1286 quibus,
1693 1219 1796 1267 etsi
1819 1218 2172 1268 coniecturae
2208 1215 2338 1267 mihi
2380 1211 2493 1267 noh
2533 1211 2734 1279 desint,
2777 1207 2919 1266 nihil
2962 1223 3045 1272 est
3077 1231 3172 1265 cur
3213 1230 3309 1266 eas
3332 1213 3523 1287 profe-

1037 1317 1177 1363 ram,
1198 1300 1411 1370 quippe
1447 1297 1608 1361 tales,
1628 1315 1772 1369 quae
1801 1298 2043 1353 aliorum
2069 1296 2411 1351 industriam
2427 1295 2719 1349 adiuturae
2756 1313 2873 1349 non
2896 1293 3211 1351 videantur.
3232 1295 3521 1353 HEMST.

1035 1382 1222 1434 Versu
1257 1378 1467 1433 oraculi
1508 1398 1567 1449 5.
1597 1380 1795 1451 legitur
1818 1379 2047 1452 quidem
2082 1382 2139 1432 in
2176 1379 2324 1433 Cod.
2364 1380 2517 1432 Flor.
2542 1367 2717 1445 δεινὰ,
2759 1378 2908 1431 male
2934 1382 3189 1431 iteratum
3221 1395 3259 1431 a
3290 1377 3518 1431 librario
3614 1390 3624 1400 “

1039 1481 1073 1515 e
1106 1480 1269 1517 versu
1293 1479 1351 1530 3.
1389 1459 1493 1514 sed
1530 1452 1705 1526 δεσμὰ
1733 1479 1923 1517 veram
1956 1480 2080 1516 esse
2112 1463 2413 1515 lectionem
2451 1461 2803 1515 manifestum
2835 1458 2897 1514 fit
2929 1478 2963 1513 e
2997 1479 3058 1534 p.
3093 1479 3184 1515 n.
3199 1480 3255 1515 v.
3282 1478 3374 1516 ro.
3408 1458 3525 1515 τίνα

1036 1533 1109 1600 τοὶ
1143 1535 1335 1610 δεσμά.
1378 1543 1850 1600 Animadvertens
1885 1546 2017 1611 hoe,
2059 1547 2304 1619 opinor,
2355 1543 2638 1610 Coo-chius,
2680 1532 2853 1610 δεσμὰ
2888 1542 2980 1597 edi
3017 1546 3263 1609 curavit,
3305 1546 3524 1597 tametsi

993 1669 998 1678 .
1034 1632 1096 1680 in
1131 1646 1236 1681 suo
1274 1626 1606 1700 apographo
1642 1615 1780 1682 δεινοὶ
1817 1628 2080 1682 habuisse
2114 1644 2233 1680 non
2275 1638 2358 1681 est
2395 1626 2661 1692 dubium,
2705 1624 3167 1698 quandoquidem
3201 1630 3278 1680 sic
3329 1630 3386 1680 in
3422 1643 3523 1680 suo

1036 1712 1319 1781 scripsisse
1340 1708 1685 1776 Salvinium,
1720 1727 1792 1764 ex
1830 1713 1948 1765 eius
1981 1712 2259 1775 versione,
2290 1709 2465 1782 gravi
2495 1726 2642 1773 cose,
2671 1709 2927 1781 adparet.
2985 1707 3146 1762 Idem
3186 1711 3345 1781 igitur
3378 1726 3525 1763 nunc

1037 1796 1158 1847 ausi
1185 1810 1394 1856 sumus,
1436 1790 1590 1862 quod
1625 1809 1797 1866 supra
1827 1811 1887 1866 p.
1910 1794 1965 1847 6.
1982 1813 2037 1846 v.
2055 1811 2091 1864 9
2113 1822 2137 1837 ο
2167 1810 2290 1846 ιο.-
2343 1793 2451 1845 Pro
2483 1788 2683 1848 Νείλου
2720 1796 3015 1866 scripserat
3050 1791 3283 1846 fortasse
3319 1790 3527 1845 Noster

1035 1871 1197 1947 ἱεροῦ,
1240 1873 1397 1946 qnod
1432 1877 1493 1926 in
1525 1877 1783 1929 versione
1819 1879 2088 1949 expressi.
2132 1873 2522 1945 Conf.Eurip.
2543 1873 2707 1928 Med.
2730 1890 2868 1939 410.
2900 1874 3387 1947 ubiMusg'r-wius
3422 1872 3523 1929 ad·

1034 1969 1217 2023 notat,
1252 1975 1370 2011 non
1405 1967 1585 2010 certos
1614 1956 1890 2028 quosdam
1925 1955 2127 2012 fluvios
2159 1957 2269 2014 hoc
2306 1956 2558 2031 epitheto
2590 1956 2900 2030 designari3
2944 1975 3140 2011 omnes
3169 1962 3323 2010 enim
3357 1975 3394 2010 a
3422 1975 3519 2011 ve·

1033 2040 1244 2095 teribus
1279 2057 1464 2093 sacros
1499 2039 1737 2095 habitos.
1822 2041 2084 2094 Ceterum
2114 2042 2172 2094 in
2208 2051 2327 2094 toto
2363 2041 2592 2093 oraculo
2636 2042 2843 2093 latinos
2868 2038 3089 2093 Coeclzii
3105 2041 3409 2094 versiculos
3434 2043 3519 2093 in-

1033 2134 1214 2176 tactos
1246 2123 1468 2193 reliqui,
1511 2125 1616 2174 nisi
1654 2122 1826 2195 quod,
1868 2134 2096 2198 praeter
2119 2121 2295 2177 modo
2335 2122 2637 2177 indicatam
2674 2126 3141 2189 immutationem,
3184 2127 3244 2175 in
3272 2117 3519 2177 secundo

973 2233 982 2244 ·
1030 2222 1220 2269 versu,
1261 2222 1367 2277 pro
1408 2203 1564 2257 salus
1597 2206 2232 2279 utriquesreposuerim
2271 2206 2427 2266 salus
2458 2205 2685 2259 exinde.
2769 2206 2903 2260 Non
2935 2217 3062 2260 sunt
3094 2209 3204 2259 ista
3241 2210 3418 2269 tanti,
3459 2216 3521 2260 ut

1028 2291 1151 2342 sive
1181 2286 1453 2353 versibus,
1496 2290 1615 2341 sive
1650 2287 1850 2359 (quod
1888 2290 2065 2342 multo
2100 2291 2298 2342 rectius
2335 2305 2458 2341 esse
2494 2285 2722 2354 iudico)
2761 2288 2949 2344 soluta
2987 2292 3246 2343 oratione
3283 2287 3519 2342 adcura-

1032 2373 1138 2423 tius
1172 2373 1418 2424 converti
1454 2382 1803 2424 mereantur·
1850 2369 2000 2425 adde
2036 2370 2209 2444 quod,
2251 2382 2485 2445 propter
2520 2370 2815 2426 obscurum
2853 2389 3113 2437 sensum,
3155 2371 3321 2425 aliter
3345 2389 3516 2444 quam

1028 2452 1261 2508 obscure
1293 2455 1541 2507 converti
1577 2465 1877 2524 nequeunt.

1221 2526 1290 2594 Ρ.
1315 2544 1411 2593 12.
1433 2544 1498 2594 V.
1524 2543 1582 2610 7.
1618 2525 1824 2631 iustis]
1872 2537 2006 2589 Non
2035 2546 2117 2589 est
2137 2535 2244 2590 hoc
2278 2535 2407 2590 loco
2434 2535 2760 2592 vertendum
2784 2534 2959 2599 illico,
2985 2534 3210 2600 statim,
3240 2534 3515 2592 sedidem

1027 2618 1204 2685 valet,
1247 2607 1454 2689 quod'
1426 2635 1486 2671 st
1512 2614 1593 2692 τῷ·
1619 2608 1766 2673 τότε.
1812 2621 1882 2673 V.
1902 2614 1983 2672 D'
1997 2618 2192 2672 Orvill.
2219 2617 2296 2671 ad
2322 2618 2534 2674 Charit.
2553 2638 2615 2692 Ρ.
2642 2632 2781 2715 298.
2804 2630 2860 2672 et
2882 2618 3024 2688 326.

1219 2692 1288 2759 P.
1316 2709 1412 2758 12.
1431 2710 1499 2758 V.
1521 2710 1582 2777 9.
1610 2688 1809 2772 λόγια]
1853 2700 2016 2755 Idem
2041 2703 2325 2755 oraculum
2360 2722 2411 2755 v.
2440 2718 2534 2769 ¹3·
2555 2691 2803 2776 χρησμὸν
2826 2711 3012 2757 vocat.
3055 2699 3380 2756 Generatim
3414 2708 3510 2758 λσ·

1024 2775 1121 2841 γῖσι
1155 2793 1282 2834 sunt
1317 2784 1679 2835 oraculorum
1714 2800 2021 2854 responsa,
2062 2786 2181 2836 sive
2207 2784 2395 2837 soluta
2430 2787 2688 2839 oratione
2729 2788 2848 2838 sive
2883 2782 3131 2838 versibus
3168 2781 3339 2838 edita.
3421 2785 3513 2838 Sic

1024 2862 1193 2922 λογίαι
1230 2852 1432 2918 παλαια
1455 2863 1610 2938 apud
1634 2863 1838 2936 Eur-ip.
1860 2866 2078 2919 Heracl.
2101 2869 2239 2929 406.
2260 2877 2315 2917 et
2335 2854 2523 2925 λογων
2550 2855 2948 2940 πυθόχρηστον
2971 2864 3126 2938 apud
3143 2866 3433 2921 Plutarch.
3453 2870 3512 2920 in

1024 2946 1255 2999 Theseo
1277 2948 1412 3000 Vol.
1418 2949 1466 3000 1.
1486 2967 1546 3047 Ρ.
1551 2967 1649 3020 55.
1676 2946 1833 3019 quod
1868 2965 1937 3001 ea
1973 2959 2182 3012 aetate,
2219 2949 2415 3020 procul
2445 2946 2639 3012 dubio,
2681 2947 2928 3003 versibus
2960 2948 3062 3001 fuit
3094 2947 3325 3007 editum.
3370 2949 3510 3022 Spe·

1024 3023 1239 3083 cialiter
1272 3027 1514 3105 χρησμοι
1572 3032 1709 3083 οΙίιιι
1752 3030 1862 3084 dici
1905 3031 2240 3104 plerumque
2284 3027 2549 3083 solebant
2585 3032 2814 3085 oracula
2850 3031 3096 3085 versibus
3132 3032 3509 3095 hexametris,

1025 3110 1234 3166 deinde
1286 3117 1457 3166 etiam
1507 3114 1759 3168 iambicis
1811 3116 2071 3167 trimetris
2110 3115 2434 3168 enuntiata.
2499 3130 2672 3184 quare
2710 3101 3047 3187 χρησμωδὲω
3075 3124 3158 3167 est
3194 3115 3511 3181 vaticinor,

1022 3186 1344 3293 χρησμῳδία
1378 3196 1752 3262 vaticinium,
1795 3208 1852 3250 et
1887 3185 2216 3270 χρησμῳδός
2257 3204 2433 3249 vates.
2517 3197 2691 3269 Igitur
2726 3200 2993 3269 quoniam
3052 3199 3197 3249 inter
3244 3193 3410 3260 λογία
3439 3208 3512 3251 et

1021 3270 1312 3351 χρησμους
1343 3278 1493 3332 idem
1529 3278 1821 3334 intercedit
1853 3277 2172 3342 discrimen,
2207 3278 2360 3350 quod
2395 3282 2538 3333 inter
2571 3296 2742 3350 genus
2780 3290 2837 3334 et
2868 3282 3135 3354 speciem,
3170 3280 3341 3337 ambo
3377 3297 3510 3355 pro-

1021 3365 1233 3415 rniscue
1279 3376 1513 3434 possunt
1549 3366 1818 3458 usurpari
1854 3360 1926 3420 de
1958 3361 2162 3417 eodem
2199 3361 2455 3416 oraculo.
2542 3361 2772 3435 Operae
2819 3366 3059 3460 Ριειὶυιιι
3102 3375 3187 3417 est
3235 3366 3510 3438 inspicere

1025 3446 1244 3516 quoties
1267 3435 1452 3503 m'reov
1476 3458 1531 3500 et
1558 3463 1818 3519 χρησμος
1849 3448 2168 3519 permutata
2189 3445 2393 3499 fuerint
2430 3443 2504 3498 ab
2520 3443 2817 3517 Aristoph.
2835 3448 2894 3498 in
2917 3443 3100 3516 Equit.
3127 3464 3159 3499 a
3182 3462 3343 3500 versu
3371 3463 3507 3517 ¹09·

1022 3543 1200 3598 usque
1237 3526 1312 3579 ad
1348 3545 1519 3596 ¹⁹²4·
1547 3529 1698 3584 unde
1731 3530 1967 3604 planum
2010 3526 2127 3592 fiet,
2169 3531 2351 3581 minus
2386 3538 2535 3581 recte
2568 3546 2629 3581 se
2663 3528 2876 3583 habere
2909 3526 3063 3599 quod
3093 3532 3173 3581 ait
3207 3528 3509 3583 Scholiast.

937 3634 946 3643 ·
1031 3609 1280 3680 Thuqrd.
1299 3607 1372 3661 ad
1396 3610 1491 3665 lib.
1510 3614 1585 3664 11.
1607 3633 1656 3669 c.
1682 3625 1734 3677 8.
1760 3624 1817 3666 et
1853 3631 1928 3666 ex
1964 3630 2035 3666 eo
2060 3611 2305 3664 Suidas·
2351 3596 2540 3674 λὸγια,
2579 3598 2654 3665 τοὶ
2686 3599 2828 3684 παρὰ
2867 3605 3004 3667 ,θεοῦ
3032 3600 3303 3677 λεγὸμεια
3335 3630 3513 3671 καιτα-

1021 3681 1294 3759 λογᾶδηις
1338 3690 1580 3766 χρησμοὶ
1616 3686 1694 3759 δὲ,
1726 3683 1918 3761 &ermes
1946 3685 2236 3767 ἐμμέτρως
2267 3683 2560 3760 λέγονται,
2597 3681 3045 3766 &tempeative-27
3073 3711 3182 3749 των
3217 3682 3505 3754 λέγοντων.

1022 3776 1285 3868 Insuper
1303 3775 1472 3830 habet
1507 3777 1615 3831 hoc
1651 3777 1943 3833 discrimen
1984 3777 2259 3834 Eustath.
2282 3780 2345 3832 in
2371 3777 2547 3832 Hom.
2584 3775 2750 3833 Iliad.
2790 3778 2855 3832 B.
2889 3794 2946 3851 Ρ,
2970 3791 3107 3846 «333.
3140 3776 3383 3874 scribens
3432 3766 3504 3832 τὰ

1021 3853 1208 3923 λογίαι,
1248 3843 1414 3925 ἤγουν
1453 3847 1503 3915 ὂι
1535 3861 1811 3954 χρησμοί.
1873 3875 1930 3916 et
1965 3867 2025 3917 in
2049 3863 2258 3934 odyss.
2277 3863 2322 3916 1.
2348 3881 2407 3938 Ρ.
2434 3862 2607 3928 1426.
2654 3853 2988 3958 Θεοπρόπιον
3026 3851 3082 3916 δὲ
3143 3847 3208 3915 τό
3205 3847 3499 3953 χρησμῷ·

951 3968 956 3975 ·
1021 3932 1186 4007 Bw«,
1222 3958 1250 3998 ο
1287 3960 1383 3996 και
1420 3930 1607 4002 λόγιον
1635 3929 1824 4004 hm»
1856 3936 1907 4001 ὖι
1942 3936 2211 4003 Α’ττικοί.
2254 3943 2495 3999 Glossae
2530 3947 2679 4003 item
2684 3933 2895 4010 λόγιον,
2937 3933 2964 4001 ὅ
3004 3932 3274 4019 χρησμός
3352 3942 3503 3998 Vide

1018 4025 1094 4078 sis
1124 4036 1418 4098 praeterea
1454 4044 1598 4100 quae
1622 4027 1695 4080 H.
1713 4027 1979 4100 Stephon.
1998 4033 2057 4084 in
2077 4031 2251 4084 Thes.
2272 4027 2536 4082 adversus
2567 4028 2712 4083 iuud
2745 4027 3042 4082 discrimen
3080 4046 3154 4083 ex
3181 4027 3503 4080 camerario

1021 4110 1271 4179 protulit.
1358 4109 1580 4185 Nempe
1616 4111 1855 4183 Pythiae
1893 4115 2161 4183 oracula,
2205 4130 2348 4186 quae
2379 4113 2553 4165 serius
2588 4113 2774 4166 soluta
2815 4116 3077 4168 oratione
3112 4122 3329 4165 tantum
3369 4108 3500 4164 ede·
