3969 5126
973 541 1098 632 172'
1542 554 2629 612 AnNoTA‘rronsss
2751 525 2881 615 ιη

957 676 1229 756 ἐξάρχους
1261 682 1437 754 iungit
1475 680 1741 734 stemist.
1781 679 1940 734 Orat.
1962 681 2126 735 XVI.
2165 700 2221 755 p.
2246 697 2382 736 no.
2404 683 2469 739 B.
2489 695 2546 738 et
2580 680 2897 752 συμποσίων
2929 679 3021 740 καὶ
3052 674 3260 745 θιάσων
3298 675 3449 765 ἴξοιρ.

963 785 1074 834 XO?
1105 757 1367 837 [dicitur]
1407 763 1657 816 Bacchus
1696 764 1849 835 apud
1876 762 2123 818 Aristid.
2148 765 2286 818 Vol.
2304 766 2354 819 1.
2382 785 2440 839 p.
2462 784 2559 840 54.
2604 769 2893 841 Frequens
2920 769 3179 825 vocabuli
3218 784 3303 826 est
3326 792 3458 829 usus

965 847 1122 924 apud
1148 848 1469 901 recentioris
1501 850 1629 899 aevi
1664 849 1975 919 scriptores.
2019 845 2170 902 Vide
2187 847 2291 902 Du
2315 848 2489 923 Cang.
2516 864 2573 905 et
2602 851 2813 907 Suicer.
2828 853 3003 908 Thes.
3024 853 3238 910 Eccles.
3280 858 3460 914 ABR.

1156 920 1225 991 P,
1253 939 1352 1005 23,
1382 940 1445 986 v.
1471 939 1568 987 11.
1598 918 1670 992 ὦς
1696 918 1788 1001 δὲ]
1833 930 2051 984 Inserui
2106 932 2436 1003 particulam
2472 923 2557 1000 δὲ,
2598 954 2745 1008 quae
2778 935 2938 995 deest
2985 939 3046 990 in
3094 936 3227 992 edd.
3256 939 3456 1012 legitur

962 1033 1098 1082 yero
1134 1017 1192 1066 in
1219 1011 1362 1067 Cod.
1385 1012 1434 1065 F
1437 1013 1541 1069 lor.
1569 1010 1913 1067 admonente
1938 1013 2028 1066 Cl.
2061 1013 2293 1087 Weigel.
3239 1046 3259 1054 -

1148 1088 1218 1154 P.
1240 1104 1339 1170 23.
1376 1106 1443 1153 V.
1468 1104 1584 1171 13·
1607 1103 1701 1170 15.
1767 1081 2515 1176 τιλευταΐω--ἐφίστᾶιτας
2555 1089 2655 1174 δὴ]
2717 1101 2891 1173 SIgna
2927 1099 3332 1176 parentheseos
3378 1105 3457 1159 ad

959 1192 1205 1234 mentem
1239 1178 1557 1231 Hem-«terh.
1585 1178 1859 1252 adposui,
1904 1179 2224 1252 eodemque
2260 1197 2490 1236 suasore
2529 1189 2740 1238 mutavi
2788 1174 2850 1239 δὲ
2886 1188 2947 1238 in
2979 1173 3066 1254 δῆ.
3152 1187 3326 1249 Haec,
3368 1191 3453 1241 in.

960 1267 1098 1335 quit,
1128 1262 1406 1335 particula
1441 1265 1670 1314 inservit
1705 1264 1969 1327 orationi,
1990 1281 2136 1334 quae
2176 1267 2488 1337 interrupta
2520 1268 2720 1332 suerat,
2741 1265 3181 1324 redordiendae.
3214 1267 3454 1325 Luciam.

955 1345 1258 1400 Demosth.
1280 1345 1518 1398 Encom.
1550 1363 1609 1418 p.
1634 1362 1702 1399 αι
1724 1364 1769 1398 ι.
1798 1346 1863 1398 Β.
1905 1333 1939 1412 ἢ
1988 1335 2203 1415 A’sis‘voe
2239 1336 2306 1413 δι)
2327 1385 2345 1410 ,
2389 1349 2657 1404 Minerva
2692 1351 2969 1423 inquam3
3012 1363 3074 1406 ut
3104 1351 3251 1405 bene
3287 1356 3454 1406 inter·

953 1446 1102 1502 pres.
1149 1426 1430 1480 Eumdem
1462 1443 1621 1480 usum
1655 1426 1812 1501 apud
1836 1427 2084 1483 Graecos
2120 1446 2197 1484 an
2232 1421 2301 1483 δὲ
2327 1430 2559 1501 habeat,
2587 1432 2742 1504 baud
2779 1437 2912 1489 satis
2954 1437 3205 1490 memini.
3250 1435 3469 1490 {laete-⁸-

901 1553 918 1560 -
956 1529 1062 1565 nus
1100 1509 1584 1564 Hemsterhusius.

1146 1586 1214 1651 P.
1239 1600 1339 1669 23.
1359 1603 1427 1652 V.
1454 1598 1552 1666 15.
1597 1579 1889 1664 aimerus]
1937 1593 2141 1647 Parum
2172 1596 2423 1662 interest,
2456 1607 2705 1652 attamen
2743 1601 2805 1653 in
2833 1598 2967 1658 edd.
2987 1612 3157 1675 atque
3193 1606 3365 1657 etiam
3392 1608 3450 1657 in

954 1673 1106 1731 Cod.
1129 1676 1282 1732 Flor.
1315 1677 1426 1748 legi
1460 1664 1725 1738 ἆλὺοντες·
1758 1674 2065 1741 admoneo,
2106 1668 2413 1751 propterea
2457 1681 2610 1752 quod
2658 1682 2879 1736 Villois.
2927 1687 2987 1737 in
3034 1685 3342 1741 Animadv.
3375 1686 3451 1741 ad

952 1755 1226 1830 Longlcm
1261 1778 1321 1832 p.
1345 1759 1442 1824 64.
1464 1760 1652 1813 Attice
1684 1760 1762 1810 sic
1803 1758 1970 1812 scribi
1996 1759 2135 1813 vult.
2220 1762 2431 1816 Contra
2472 1780 2544 1816 ea
2574 1763 2874 1822 Albanius
2909 1766 2983 1820 ad
3011 1768 3067 1821 h.
3089 1769 3126 1822 l.
3161 1768 3452 1823 adnotavit

952 1838 1149 1915 corrigi
1194 1852 1459 1915 oportere
1506 1829 1801 1904 ἆλῦοντες,
1842 1841 2151 1914 laudatque
2186 1843 2432 1918 Hesych.
2482 1849 2544 1899 in
2580 1836 2846 1915 elafium.
2931 1848 3078 1904 Mihi
3124 1864 3451 1906 cousuetam

950 1924 1232 1979 scribendi
1268 1924 1544 1977 rationem
1576 1924 1735 1994 sequi
1765 1926 1944 1978 visum
1980 1937 2085 1991 est,
2114 1943 2262 1997 quae
2297 1926 2445 1994 infra
2481 1945 2540 2000 p.
2571 1942 2702 1994 103.
2721 1951 2777 1986 v.
2808 1950 2897 2002 ¹3·
2926 1936 2986 1985 in
3024 1933 3152 1994 edd.
3181 1951 3363 2006 aeque
3385 1954 3449 1988 ac

952 2010 1011 2061 in
1041 2005 1183 2061 Cod.
1205 2006 1360 2060 Flor.
1386 2006 1698 2060 exhibetur.
1756 2003 1824 2057 In
1853 2009 2113 2060 versione
2145 2026 2276 2062 usus
2312 2027 2433 2063 sum
2460 2012 2643 2066 verbis
2665 2014 2716 2067 I.
2745 2014 2900 2067 Caes.
2924 2001 2997 2070 de
3017 2016 3081 2070 B.
3106 2019 3227 2071 Civ.
3246 2018 3351 2075 lib.
3374 2020 3451 2072 Π.

955 2107 1005 2145 c.
1038 2106 1124 2155 ¹4·
1154 2088 1353 2161 quibus
1391 2076 1655 2151 ἀλύοντες
1686 2084 1798 2139 boc
1838 2088 1964 2142 loco
2002 2088 2149 2143 bene
2183 2090 2347 2146 reddi
2379 2109 2563 2172 posse-
2575 2096 2906 2152 arbitrabar.
2973 2098 3263 2153 Salvinius
3286 2105 3448 2154 vertit

955 2171 1306 2238 addolor-ata
1345 2169 1446 2224 sed
1491 2169 1756 2224 Cocchc’us
1796 2172 2191 2244 interpretatus
2228 2185 2313 2228 est
2349 2176 2614 2229 exanimi
2638 2187 2696 2232 et
2735 2197 2904 2253 aegre
2938 2198 2999 2235 se
3031 2180 3311 2237 habentes.
3353 2184 3445 2237 De

951 2258 1114 2310 varia
1143 2252 1300 2308 verbi
1336 2255 1493 2306 istius
1519 2261 1804 2325 potestate
1843 2254 2060 2307 consuli
2085 2267 2325 2327 possunt
2356 2258 2547 2312 Kalen.
2575 2271 2632 2314 et
2653 2259 2910 2317 Pet-ison.
2937 2263 3014 2319 ad
3032 2262 3259 2323 Aelian.
3282 2268 3354 2321 V.
3376 2267 3446 2323 H.

946 2335 1048 2392 lib.
1067 2337 1173 2392 IX.
1197 2354 1242 2391 c.
1267 2353 1298 2390 2
1307 2354 1361 2407 5.
1393 2333 1686 2392 ‹rt-Krebs.
1713 2332 1791 2387 ad
1814 2335 2106 2391 Harma.
2124 2337 2197 2392 de
2229 2339 2362 2396 aud.
2392 2345 2548 2416 poet.
2580 2363 2640 2419 p.
2668 2347 2800 2400 ι66.
2852 2347 2863 2352 “

1053 2547 1056 2550 .
1140 2492 1211 2560 Ρ.
1234 2508 1334 2578 23.
1355 2510 1422 2558 V.
1450 2504 1547 2574 15.
1571 2509 1626 2553 et
1645 2508 1744 2577 24,
1761 2512 1828 2559 v.
1852 2510 1907 2558 1.
1943 2492 2232 2601 Kffgvflcssov
2255 2494 2686 2577 ἕλαυιομένῃ-
2706 2506 3022 2590 -πολλῇ
3067 2515 3228 2584 Nihil
3258 2514 3445 2572 durius

785 2563 796 2579 ⁵
863 2576 884 2597 '²
949 2586 1116 2641 scribi
1154 2588 1338 2657 potuit
1375 2584 1463 2635 his
1491 2584 1736 2637 ultimis:
1780 2576 1987 2655 τριῆρης
2031 2603 2094 2654 qv
2119 2576 2218 2643 σὺν
2253 2577 2484 2664 ὅξῦτητι
2518 2588 2720 2661 πολλῖι.
2769 2589 2987 2666 [Sensit
3021 2599 3127 2653 hoc
3161 2599 3443 2668 (ἶσοι-λίνα,

949 2680 1007 2722 et
1039 2671 1099 2720 in
1136 2668 1394 2721 versione
1432 2682 1537 2717 sua
1571 2665 1748 2738 plane
1784 2661 2028 2739 omisit.]
2074 2670 2285 2725 Verum
2322 2677 2403 2728 ita
2423 2676 2870 2749 Xenophontem,
2887 2678 3109 2736 dedisse
3144 2682 3298 2740 baud
3326 2703 3444 2740 cre-

946 2748 1212 2806 diderim.
1255 2746 1575 2800 Duritatem
1613 2748 1773 2802 tollet
1809 2758 2025 2803 mutata
2051 2749 2357 2833 distinctio,
2385 2775 2555 2829 quam
2595 2764 2643 2814 si
2683 2762 3046 2818 collocaveris
3074 2778 3205 2840 post
3233 2755 3445 2839 Κὸρυμ-

946 2830 1067 2895 βω,
1094 2840 1298 2902 sponte
1335 2828 1453 2883 fere
1485 2846 1588 2882 sua
1614 2843 1983 2903 consequetur
2019 2832 2127 2887 hoc
2152 2836 2326 2892 modo
2357 2840 2694 2913 legendumz
2738 2838 3440 2923 ἐφίσταηαι-Κᾶρυμβον.

946 2900 1325 2980 ἐνελαυνομένη
1357 2907 1430 2979 τῇ
1464 2905 1545 2979 νηὶ
1587 2903 1802 2986 τριῆρης
1837 2895 1901 2984 ἦν
1957 2903 2058 2972 σὺν
2106 2905 2335 2990 &gaium
2389 2921 2597 2992 πολλῇ.
2682 2927 2773 2982 Sic
2827 2928 3125 2985 discrimen
3167 2933 3447 2990 obtinebit

945 2997 1242 3071 piraticam
1278 2997 1424 3050 inter
1459 3004 1517 3047 et
1545 3000 1854 3052 vectoriam
1889 3015 2117 3066 navem,
2149 3001 2303 3072 quod
2347 3004 2677 3061 observatur
2708 3028 2843 3064 mox
2873 3031 2931 3086 p.
2950 3028 3046 3079 ²4·
3065 3034 3118 3069 v.
3138 3033 3192 3069 2.
3213 3027 3269 3070 et
3284 3035 3443 3090 P·‘-’5·

941 3097 1065 3136 νη.
1086 3090 1146 3132 ut
1175 3080 1319 3132 inter
1341 3082 1531 3134 πλοῖον
1559 3089 1615 3132 et
1645 3070 1827 3152 rpnqu
1859 3098 1954 3155 ap.
1975 3081 2280 3139 Demosth.
2312 3090 2373 3141 in
2392 3090 2639 3146 Timocr.
2660 3108 2867 3166 p.443.
2890 3094 2983 3151 ed.
3008 3097 3184 3158 Paris.
3231 3100 3440 3174 Aptum

941 3162 1090 3217 foret
1141 3147 1567 3227 ἐπελαυνομὲιη,
1608 3160 1712 3216 sed
1748 3163 1891 3217 illud
1944 3167 2188 3238 praetuli
2230 3169 2307 3223 ob
2363 3176 2691 3246 propiorem
2732 3181 2932 3232 erroris
2976 3196 3202 3235 causam
3222 3203 3238 3236 ε
3299 3200 3438 3248 nee,

937 3245 1074 3299 licet
1125 3231 1411 3299 ἐνελαῦνειν
1459 3246 1676 3315 ignoret
1727 3245 1801 3299 H.
1823 3245 2019 3317 steph.
2048 3250 2223 3305 Thes.
2279 3251 2494 3308 idonea
2537 3257 2666 3312 ideo
2724 3266 3054 3316 auctoritate
3088 3263 3436 3330 destituiturg

940 3327 1117 3381 habet
1151 3329 1303 3381 enim
1332 3325 1500 3381 Pind.
1533 3327 1871 3400 Pyth.v111.
1899 3340 1923 3380 ι’
1944 3348 1993 3385 ι.
2034 3326 2240 3405 [alium
2275 3335 2645 3394 Hnd.locum
2689 3354 2744 3396 et
2776 3347 2882 3398 tria
2921 3344 3164 3399 Homeri
3191 3352 3437 3422 reperies

940 3412 1006 3463 in
1031 3408 1303 3463 Dammii
1333 3403 1603 3481 Lexico.]
1647 3408 1819 3464 Adde
1858 3411 2014 3483 quod
2050 3417 2364 3489 periphrasi
2398 3426 2679 3496 participii
2722 3445 2846 3481 cum
2882 3429 3057 3483 verbo
3092 3418 3207 3497 εἰμὶ
3240 3431 3436 3499 (Chal-

939 3490 1179 3546 cidicum
1229 3490 1455 3545 schema
1487 3492 1734 3560 vocant)
1781 3496 1950 3548 utitur
1981 3496 2196 3552 crebro.
2257 3500 2407 3556 Vide
2437 3522 2498 3577 p.
2516 3523 2616 3576 32.
2636 3527 2690 3566 v.
2719 3527 2771 3564 2.
2794 3529 2853 3584 p.
2876 3530 2972 3582 5¹·
2999 3532 3051 3565 v.
3070 3531 3236 3583 9·ro.
3256 3533 3312 3589 p.
3338 3531 3436 3584 72.

941 3594 998 3628 v.
1018 3592 1074 3646 9.
1096 3591 1154 3646 p.
1181 3574 1274 3639 76.
1297 3592 1351 3626 v.
1382 3593 1474 3628 ιο·
1491 3593 1512 3628 ι
1531 3582 1579 3629 r.
1600 3593 1660 3648 Ρ.
1685 3586 1783 3644 78.
1802 3597 1856 3632 v.
1880 3592 1938 3642 4·
1943 3596 2001 3650 5.
2042 3582 2327 3638 Triremes
2363 3589 2669 3656 piratarum
2704 3611 2876 3648 naves
2906 3594 3076 3649 fuisse
3104 3595 3269 3651 docet
3299 3601 3436 3653 item

942 3657 1102 3710 locus
1133 3653 1397 3727 Apollod.
1430 3657 1524 3712 lib.
1543 3658 1650 3713 111.
1675 3678 1719 3713 c.
1742 3680 1797 3732 5.
1818 3678 1861 3715 s.
1882 3679 1939 3731 3.
2002 3662 2165 3719 conf.
2188 3664 2456 3741 Schffr.
2487 3669 2560 3726 de
2597 3675 2730 3731 Mil.
2760 3676 2909 3732 Nar.
2951 3678 3050 3732 lib.
3070 3680 3146 3732 11.
3168 3699 3217 3736 c.
3242 3697 3294 3734 2.
3352 3685 3434 3735 A.

948 3738 1270 3794 BRESCH.
1436 3740 1740 3814 Ingeniosa
1770 3755 1853 3798 est
1876 3742 2177 3800 Abrmhii
2205 3742 2545 3821 c'oniectura,
2574 3776 2785 3827 verum,
2821 3764 2868 3813 si
2902 3761 3039 3832 quid
3057 3762 3247 3828 video,
3284 3777 3436 3818 caret

887 3842 892 3851 ·
941 3821 1381 3895 probabilitate,
1426 3834 1592 3895 atque
1637 3827 1764 3898 ipsa
1804 3831 1975 3883 etiam
2011 3827 2180 3898 facit,
2225 3845 2286 3886 ut
2320 3837 2536 3907 ingrato
2560 3842 2807 3913 quodam
2841 3843 3014 3899 modo
3046 3848 3431 3921 interpelletur

942 3909 1164 3969 oratio,
1200 3915 1256 3958 et
1292 3906 1560 3961 naturalis
1582 3907 1878 3965 verborum
1917 3910 2058 3967 ordo
2092 3917 2444 3988 perturbetur
2464 3940 2482 3983 3
2525 3926 2604 3977 sic
2641 3928 2790 3980 enim
2826 3926 3135 4001 procedere
3162 3927 3428 3986 deberet:

938 3974 974 4054 ἦ
1006 3976 1061 4041 δὲ
1099 3977 1313 4061 τριῇρης
1350 3978 1728 4059 ἐνελαωομένη
1753 3974 1817 4060 ›Jv
1848 3989 1920 4062 τῇ
1950 3990 2032 4063 vqe'
2069 4015 2126 4051 σ.
2161 3987 2249 4072 ὅξ.
2280 4018 2340 4055 π.
2384 4002 2681 4061 Praeterea
2721 3998 3028 4077 ἀπελαύνειν,
3072 4013 3131 4064 in
3166 4013 3303 4068 locis
3328 4013 3424 4068 ubi

940 4080 1160 4126 exstare
1195 4073 1474 4143 novimus,
1517 4083 1602 4129 est
1635 4074 1943 4145 intrudere,
1984 4077 2241 4153 itfigere,
2281 4100 2401 4142 non
2441 4086 2675 4158 irruere,
2716 4092 3001 4167 impetum
3012 4093 3239 4171 facere,
3282 4114 3429 4172 quae
