3969 5126
345 551 350 566 '
947 560 2625 644 xenoprnonr.zrnsss1vm.
2902 573 3029 643 207

540 684 744 755 σκῦλα.
787 691 926 742 cessi
965 689 1196 755 lubens,
1240 703 1296 745 et
1371 692 1427 743 ix
1460 694 1748 745 continere
1777 683 1878 746 ‘me
1910 691 2097 761 potui,
2142 692 2273 759 quin
2310 692 2488 761 ipsam
2526 706 2635 741 nos
2670 685 2880 743 habere
2913 690 3028 743 Xe-

542 772 843 844 nopltontis
898 785 1122 826 manum
1181 711 1406 827 (andr.
1491 773 1692 846 Spolia
1743 784 1890 826 certe
1939 773 2154 825 miseris
2204 771 2522 825 hominibus
2570 770 2850 836 detracta,
2895 775 3029 844 quin

542 859 756 927 optime
795 853 1076 907 latronum
1101 857 1270 908 saeris
1303 860 1661 921 conveniant,
1703 873 1873 909 nemo
1917 850 2131 906 inficias
2166 856 2348 906 iverit.
2436 853 2548 907 Sed
2578 852 2771 914 iidem,
2805 858 3030 928 opinor,

540 953 653 989 uno
685 937 882 989 Martis
931 938 1250 1001 simulacro,
1294 935 1448 1008 quod
1497 955 1601 1011 pro
1645 939 1914 1008 singulari
1958 953 2061 988 sua
2101 937 2386 1006 religionis
2430 954 2558 989 cura
2595 937 3029 1001 venerabantur,

540 1022 786 1071 contenti
835 1034 956 1071 esse
997 1031 1334 1092 potuerunt,
1380 1036 1481 1072 nee
1513 1037 1674 1115 opus
1694 1019 2016 1083 habebant,
2060 1029 2120 1071 ut
2168 1019 2333 1089 plura
2372 1034 2553 1072 secum
2603 1019 3030 1072 circumferrent.

539 1100 770 1172 Scripsit
803 1117 933 1169 ergo
971 1100 1194 1166 Noster,
1219 1097 1330 1155 ‘nori
1363 1088 1589 1168 ἄγαλμα
1612 1092 1676 1158 τὸ
1703 1098 1805 1157 τοῦ
1845 1089 1918 1155 A’'
1910 1119 2064 1172 ρεως,
2108 1097 2199 1154 καὶ
2241 1093 2443 1163 σκῦλα,
2487 1094 2581 1155 καὶ
2612 1089 3026 1167 στεφανωματα.

544 1181 1012 1236 HEMSTERH.
1182 1182 1444 1238 Sacrifieii
1494 1203 1700 1258 scopus
1733 1183 1951 1238 videtur
1992 1182 2194 1245 fuisse,
2240 1195 2297 1235 ut
2346 1170 2639 1236 lustrarent
2678 1182 3032 1237 latrocinium

545 1266 618 1317 V.
641 1264 852 1318 Achill.
882 1265 1005 1320 Tar.
1042 1267 1141 1320 lib.
1160 1267 1268 1319 ΙΙΙ.
1291 1286 1339 1322 c.
1373 1286 1462 1337 ¹9·
1501 1287 1560 1366 p.
1575 1283 1721 1321 ποι.
1768 1260 1931 1336 [ete.
1962 1283 2054 1318 ιε.
2075 1284 2134 1337 Ρ.
2165 1259 2330 1335 ι33.]
2378 1264 2749 1319 ABRESCH.
2942 1266 3034 1320 En

539 1353 736 1401 iterum
780 1346 1220 1401 similitudinem
1217 1366 1464 1402 casuum
1503 1353 1560 1402 in
1598 1349 2009 1403 narrationibus
2042 1351 2299 1407 erotieis;
2351 1365 2483 1400 nam
2518 1360 2572 1401 et
2610 1348 2687 1400 ibi
2720 1347 3033 1421 Leucippe,

542 1427 1021 1501 quemadmodum
1058 1405 1309 1495 Anthia,
1363 1433 1741 1484 immolationi
1789 1430 1892 1483 fuit
1942 1447 1977 1482 a
2031 1429 2334 1483 latronibus
2386 1428 2685 1484 destinata.
2771 1431 3034 1483 Ceterum

539 1524 703 1565 acuta
756 1523 874 1575 est,
916 1530 982 1565 ac
1047 1514 1276 1568 sortasse
1317 1530 1450 1567 vera
1507 1516 1823 1567 coniectura
1860 1508 2078 1575 σκῦλας
2120 1513 2436 1566 verisimilis
2494 1516 2660 1566 etiarn
2711 1511 3033 1566 emendatio

540 1581 768 1659 ἔναλμα
807 1584 871 1649 τὸ
901 1590 1012 1649 ,τοῦ
1053 1581 1285 1666 Α”ρεωςς
1329 1607 1517 1648 tamen
1552 1608 1804 1648 neutram
1850 1611 1973 1648 esse
2018 1591 2340 1656 eiusmodi,
2382 1605 2441 1647 ut
2480 1614 2513 1648 a
2546 1595 2738 1649 sobrio
2780 1607 2835 1648 et
2869 1606 3033 1649 cauto

429 1699 446 1707 -
543 1676 756 1730 editore
797 1678 852 1727 in
891 1679 1070 1747 ipsam
1107 1681 1418 1734 orationem
1454 1677 1646 1731 inferri
1678 1677 1877 1749 possit,
1914 1677 2208 1731 arbitratus
2228 1694 2375 1729 sum.
2420 1677 2707 1731 Postremo
2740 1666 2886 1749 ξύλα
2923 1679 3032 1749 legi

536 1775 761 1830 quoque
816 1760 874 1809 in
915 1757 1058 1812 Cod.
1089 1759 1241 1813 Flor.
1280 1771 1581 1832 propterea
1638 1759 1957 1824 admoneo,
1996 1777 2074 1835 ‚¹¹⁶
2116 1763 2277 1830 quis,
2316 1776 2451 1812 voce
2499 1760 2668 1852 signa
2712 1762 2768 1812 in
2810 1759 3035 1814 Coeelnii

535 1845 791 1894 versione
822 1838 1109 1913 deceptus,
1151 1845 1459 1913 suspicetur
1491 1845 1550 1893 in
1587 1841 1732 1893 Cod.
1779 1841 1903 1904 MS.
1957 1852 2247 1894 exaratum
2287 1857 2410 1893 esse
2450 1830 2650 1912 §baron
2699 1859 2827 1895 nam
2863 1844 3033 1913 signe

533 1942 642 1995 pro
681 1923 842 1994 ligna
878 1934 961 1975 est
996 1940 1147 1976 error
1180 1923 1550 1993 typothetae,
1594 1932 1868 1976 correctus
1903 1925 2031 1994 ipsa
2069 1921 2289 1975 Coc-chii
2318 1939 2489 1975 manu
2528 1921 2584 1975 in
2632 1924 2738 1977 illo
2792 1927 2911 1978 eius
2946 1926 3030 1979 al-

537 2017 655 2060 tero
688 2006 978 2075 exemplo,
1022 2022 1133 2076 quo
1171 2005 1309 2057 mibi
1353 2008 1430 2057 uti
1470 2005 1714 2076 contigit.

726 2166 793 2231 P.
809 2182 914 2250 49.
937 2182 1003 2230 V.
1027 2181 1085 2232 2.
1123 2160 1348 2244 ὅπσσοι]
1395 2172 1503 2226 Pro
1540 2171 1645 2225 hac
1672 2171 1815 2226 Cod.
1839 2171 1924 2225 Fl.
1944 2170 2185 2225 lectione
2220 2173 2279 2224 in
2322 2169 2455 2224 edd.
2484 2188 2745 2226 excusum
2775 2183 2858 2225 est
2887 2155 3030 2228 ἶσαι.

728 2249 797 2315 Ρ.
819 2267 923 2334 49.
950 2267 1013 2313 V.
1033 2246 1115 2312 6·
1142 2263 1200 2329 7.
1237 2252 1339 2322 τῆς
1378 2243 1583 2326 iepq'ms
1598 2285 1681 2295 —
1717 2242 2029 2326 reperere-15]
2077 2251 2556 2323 Quandoquidem
2599 2255 2816 2308 nullum
2867 2272 3028 2326 pror-

533 2356 664 2402 sus,
705 2342 751 2390 si
785 2338 919 2409 quid
959 2338 1255 2409 intelligo,
1297 2341 1501 2390 iustum
1541 2335 1773 2392 dubium
1816 2354 1937 2390 esse
1992 2346 2211 2409 potest,
2255 2338 2391 2404 quin
2434 2337 2752 2406 Xenophon
2797 2337 3041 2400 Ciliciae,

535 2410 904 2496 Εἰςρηνοὶρχην,
944 2420 1138 2500 §quem
1178 2420 1378 2472 Latine
1416 2418 1795 2492 proficiam,
1838 2419 1929 2471 vel
1971 2417 2266 2470 custodem
2303 2417 2486 2488 pacis,
2531 2419 2622 2471 vel
2663 2418 2927 2491 denique,
2971 2430 3033 2471 ut

492 2547 497 2552 .
534 2514 614 2555 est
657 2506 714 2554 in
759 2502 1066 2553 Philoxeni
1110 2500 1443 2567 Glossario,
1479 2510 1814 2574 pacatorem
1852 2499 2036 2553 dicere
2074 2499 2410 2575 possumus)
2453 2499 2861 2573 designaverit,
2910 2518 3033 2553 non

534 2585 800 2659 putabam
841 2586 975 2638 mihi
1021 2601 1144 2637 esse
1183 2585 1660 2639 transcribendam
1700 2586 2011 2657 longiorem
2071 2584 2145 2637 ad
2196 2584 2248 2636 b.
2297 2585 2334 2636 l.
2377 2583 2812 2656 disputationem
2853 2583 3030 2636 Hem·
3091 2642 3099 2651 ,

534 2667 838 2730 sterhusii3
883 2685 1014 2721 narn
1057 2671 1266 2740 etipse
1309 2673 1658 2724 coniecturae
1709 2685 1846 2720 suae
1882 2666 2197 2728 diffidebat,
2241 2678 2297 2720 et
2338 2664 2586 2719 infirmas
2627 2671 2744 2720 eius
2785 2670 3028 2721 rationes

535 2753 650 2802 iam
702 2761 977 2803 everterat
1017 2750 1064 2803 Ῑ.
1091 2747 1387 2821 Casperius
1419 2755 1476 2804 in
1503 2751 1745 2823 Specim.
1775 2751 2010 2804 Dissert.
2035 2749 2108 2805 de
2132 2749 2399 2822 Xenopb.
2426 2749 2632 2821 Ephes.
2667 2770 2725 2821 p.
2750 2770 2807 2821 5.
2893 2751 3028 2803 Pro-

536 2831 642 2884 diit
698 2844 900 2904 postea
952 2833 1120 2904 longe
1167 2835 1392 2905 plenior
1442 2845 1497 2887 et
1534 2832 1802 2886 eruditior
1849 2832 1975 2885 chr.
2019 2832 2198 2888 Gottl.
2233 2832 2542 2885 Schmarsii
2578 2832 2911 2887 Dissertatio
2955 2833 3028 2885 de

534 2914 880 2978 Intrat-eltis,
918 2933 1110 2968 recusa
1136 2918 1278 2968 inter
1316 2919 1433 2968 eins
1473 2916 1771 2968 Exercitat.
1799 2914 2072 2968 Academ.
2106 2934 2141 2968 a
2184 2915 2281 2968 1⁷1.
2310 2914 2437 2968 Chr.
2463 2914 2725 2969 Harlesio
2766 2916 3028 2969 collectas

535 2998 939 3066 Norib.1733
1027 2998 1167 3051 Huic
1190 2997 1331 3050 nihil
1355 2997 1510 3068 quod
1546 2996 1755 3051 addam
1793 2998 2019 3051 babeo·
2067 3010 2236 3066 atque
2267 3014 2339 3050 ex
2379 3014 2449 3049 ea
2481 3008 2675 3068 petere
2711 2997 2885 3050 lector
2923 3014 3025 3069 po·

532 3085 655 3133 terit
693 3100 723 3135 a
759 3099 817 3153 p.
845 3097 980 3149 232.
1006 3078 1080 3131 ad
1117 3099 1172 3151 Ρ.
1200 3083 1336 3146 267
1365 3098 1510 3152 quae
1553 3078 1630 3133 ad
1666 3080 1810 3133 hunc
1830 3079 2029 3132 Nostri
2068 3079 2255 3131 locum
2291 3077 2681 3131 illustrandum
2718 3077 2943 3132 faciunt.

724 3155 790 3222 P.
809 3173 910 3240 49.
933 3175 999 3222 V.
1005 3171 1080 3257 7
1116 3150 1241 3233 οἶιυὶρ
1277 3181 1349 3217 τοι
1377 3150 2012 3234 πρῶτα-δυναμένων]
2063 3159 2383 3231 Legendurn
2435 3177 2555 3212 esse
2598 3164 2837 3213 traiectis
2876 3165 3021 3215 voci-

531 3245 632 3298 bus
667 3249 945 3310 existimo,
988 3234 1113 3314 ἆσῆρ
1150 3241 1256 3299 τῶν
1295 3234 1364 3298 τὰ
1401 3263 1684 3339 πρωτα-
1710 3236 1896 3309 δυναμ.
1963 3245 2091 3296 Νοιι
2128 3247 2262 3314 quin
2297 3245 2647 3297 exactissima
2688 3246 2754 3295 sit
2791 3244 3025 3308 locutio,

532 3339 588 3380 et
619 3331 847 3421 optimis
881 3326 1235 3400 scriptoribus
1273 3331 1496 3389 usitata,
1539 3314 1664 3398 imp
1703 3345 1775 3381 τοι
1808 3344 1995 3397 πρωτσι
2019 3323 2126 3381 τῶν
2166 3317 2351 3387 δυναμ.
2387 3343 2555 3396 quarn
2593 3325 2728 3377 alibi
2766 3319 2874 3396 [ad
2906 3326 3021 3378 Lu-

531 3410 683 3481 ciapi
716 3411 1019 3479 colloquia
1055 3411 1284 3474 selecta,
1329 3412 1716 3476 Amst.1708.
1755 3421 1810 3463 et
1844 3412 2016 3463 multo
2061 3421 2189 3481 post
2229 3408 2306 3462 ad
2346 3408 2588 3460 Luceant·
2629 3407 2841 3480 Opera,
2889 3410 3021 3463 Arn-

529 3492 653 3550 stel.
687 3507 858 3560 ¹7⁴¹·
894 3492 1026 3545 Vol.
1050 3494 1097 3545 1.
1125 3512 1187 3566 Ρ.
1219 3487 1386 3563 ι47.]
1428 3495 1563 3545 satis
1603 3493 1932 3546 illustratam
1970 3491 2262 3554 dedimusg
2304 3489 2407 3543 sed
2443 3494 2575 3561 quia
2614 3492 2850 3544 alterum
2884 3488 3025 3546 illud

525 3587 803 3647 perpetua
829 3575 1224 3669 Xenophontis
1263 3578 1434 3628 nostri
1470 3575 1815 3629 consuetudo
1851 3575 2167 3666 postulat..
2213 3567 2455 3645 ,.[coni'
2477 3571 2610 3627 adn.
2632 3573 2703 3628 ad
2728 3592 2786 3647 p.
2773 3595 2850 3631 .ι.
2873 3593 2923 3629 v.
2938 3596 2956 3628 ι
2969 3568 3020 3645 .]

527 3659 615 3710 lta
650 3677 705 3731 p.
730 3668 822 3721 ει.
850 3676 903 3711 v.
933 3676 953 3709 ι
965 3676 1020 3725 3
1049 3646 1269 3722 μεγάλα
1296 3645 1350 3711 ἕν
1381 3652 1461 3728 τῷ
1494 3657 1760 3731 λῃστηρίῳ
1791 3646 2097 3720 δυνάμενος.
2170 3655 2432 3710 Ceterum
2471 3654 2546 3709 ad
2582 3657 2737 3709 illam
2774 3660 3022 3729 priorem

527 3740 801 3811 loquendi
831 3741 1126 3793 formulam
1167 3738 1320 3810 q‘uod
1350 3738 1588 3803 adtinet,
1632 3758 1723 3806 ea,
1764 3751 1987 3812 praeter
2027 3739 2190 3801 alios,
2234 3756 2354 3792 non
2395 3739 2569 3799 semel
2608 3750 2691 3792 est
2742 3758 2869 3792 usus
2910 3739 3023 3792 He-

528 3823 665 3876 liod.
696 3823 789 3876 lib.
806 3824 855 3877 1.
876 3843 933 3896 p.
956 3838 1054 3888 42.
1083 3822 1178 3875 lib.
1199 3824 1301 3875 lv.
1329 3841 1389 3895 Ρ.
1419 3825 1550 3893 ι69.
1594 3833 1670 3887 et,
1705 3821 1860 3894 quod
1893 3825 2090 3883 rarius,
2136 3820 2372 3875 libyn.
2357 3840 2451 3912 .Ρ.
2475 3840 2612 3892 35⁰·
2648 3810 2914 3885 s’vrsvee‘oe,
2949 3810 3021 3876 τὰ

531 3902 715 3975 πρότα
745 3923 914 3970 οντες.
962 3899 1274 3982 [Eustatlz.
1302 3922 1439 3959 vero
1470 3904 1543 3960 de
1573 3906 1766 3999 Hysm.
1804 3904 1902 3959 lib.
1923 3906 2031 3959 lx.
2061 3919 2285 3974 patino.
2318 3923 2389 3958 τα
2426 3901 2612 3975 πρότα
2650 3898 2758 3957 τῶν
2774 3892 2855 3965 ἐπ
2866 3891 3020 3958 ”-Αυ

435 4022 445 4041 .
531 3977 781 4051 λικῶμιδι
817 3978 1086 4061 φέροντι]
1148 3989 1330 4041 Simili
1364 3986 1537 4042 modo
1571 3980 1641 4042 τὰ
1682 4006 1816 4060 ακρσι
1862 4006 1968 4042 των
2006 3975 2318 4052 Ε’λλῆνων,
2360 4003 2589 4039 summa
2634 3986 3022 4047 Graecorum.

540 4080 632 4136 (ut
670 4072 1144 4127 summa-dueum
1182 4068 1440 4138 Atrides,
1484 4070 1740 4138 Ovidio)
1781 4070 2098 4125 eruditione
2136 4078 2192 4125 et
2234 4068 2586 4147 eloquentiae
2620 4067 2811 4125 studio
2844 4069 3018 4123 Grae

1444 4314 1474 4324 -
